%YAML 1.1
%TAG !u! tag:unity3d.com,2011:
--- !u!29 &1
SceneSettings:
  m_ObjectHideFlags: 0
  m_PVSData: 
  m_PVSObjectsArray: []
  m_PVSPortalsArray: []
  m_OcclusionBakeSettings:
    smallestOccluder: 5
    smallestHole: 0.25
    backfaceThreshold: 100
--- !u!104 &2
RenderSettings:
  m_ObjectHideFlags: 0
  serializedVersion: 6
  m_Fog: 0
  m_FogColor: {r: 0.5, g: 0.5, b: 0.5, a: 1}
  m_FogMode: 3
  m_FogDensity: 0.01
  m_LinearFogStart: 0
  m_LinearFogEnd: 300
  m_AmbientSkyColor: {r: 0.212, g: 0.227, b: 0.259, a: 1}
  m_AmbientEquatorColor: {r: 0.114, g: 0.125, b: 0.133, a: 1}
  m_AmbientGroundColor: {r: 0.047, g: 0.043, b: 0.035, a: 1}
  m_AmbientIntensity: 1.78
  m_AmbientMode: 0
  m_SkyboxMaterial: {fileID: 2100000, guid: ab675e6698bde46fd87143fb0d7580cb, type: 2}
  m_HaloStrength: 0.5
  m_FlareStrength: 1
  m_FlareFadeSpeed: 3
  m_HaloTexture: {fileID: 0}
  m_SpotCookie: {fileID: 10001, guid: 0000000000000000e000000000000000, type: 0}
  m_DefaultReflectionMode: 0
  m_DefaultReflectionResolution: 128
  m_ReflectionBounces: 1
  m_ReflectionIntensity: 1
  m_CustomReflection: {fileID: 0}
  m_Sun: {fileID: 469903055}
--- !u!157 &3
LightmapSettings:
  m_ObjectHideFlags: 0
  serializedVersion: 6
  m_GIWorkflowMode: 1
  m_LightmapsMode: 1
  m_GISettings:
    serializedVersion: 2
    m_BounceScale: 1
    m_IndirectOutputScale: 1
    m_AlbedoBoost: 1
    m_TemporalCoherenceThreshold: 1
    m_EnvironmentLightingMode: 0
    m_EnableBakedLightmaps: 1
    m_EnableRealtimeLightmaps: 1
  m_LightmapEditorSettings:
    serializedVersion: 3
    m_Resolution: 2
    m_BakeResolution: 40
    m_TextureWidth: 1024
    m_TextureHeight: 1024
    m_AOMaxDistance: 1
    m_Padding: 2
    m_CompAOExponent: 0
    m_LightmapParameters: {fileID: 0}
    m_TextureCompression: 1
    m_FinalGather: 0
    m_FinalGatherRayCount: 1024
    m_ReflectionCompression: 2
  m_LightingDataAsset: {fileID: 112000001, guid: 83fbadaec28a7334ba343057d7902050,
    type: 2}
  m_RuntimeCPUUsage: 25
--- !u!196 &4
NavMeshSettings:
  serializedVersion: 2
  m_ObjectHideFlags: 0
  m_BuildSettings:
    serializedVersion: 2
    agentRadius: 0.5
    agentHeight: 2
    agentSlope: 45
    agentClimb: 0.4
    ledgeDropHeight: 0
    maxJumpAcrossDistance: 0
    accuratePlacement: 0
    minRegionArea: 2
    cellSize: 0.16666667
    manualCellSize: 0
  m_NavMeshData: {fileID: 0}
--- !u!1001 &9378904
Prefab:
  m_ObjectHideFlags: 0
  serializedVersion: 2
  m_Modification:
    m_TransformParent: {fileID: 0}
    m_Modifications:
    - target: {fileID: 400000, guid: 55e525ee03f1fb847bf8e9a94b7fca5c, type: 3}
      propertyPath: m_LocalPosition.x
      value: -8.132815
      objectReference: {fileID: 0}
    - target: {fileID: 400000, guid: 55e525ee03f1fb847bf8e9a94b7fca5c, type: 3}
      propertyPath: m_LocalPosition.y
      value: -10.491703
      objectReference: {fileID: 0}
    - target: {fileID: 400000, guid: 55e525ee03f1fb847bf8e9a94b7fca5c, type: 3}
      propertyPath: m_LocalPosition.z
      value: 4.854266
      objectReference: {fileID: 0}
    - target: {fileID: 400000, guid: 55e525ee03f1fb847bf8e9a94b7fca5c, type: 3}
      propertyPath: m_LocalRotation.x
      value: -0.34337255
      objectReference: {fileID: 0}
    - target: {fileID: 400000, guid: 55e525ee03f1fb847bf8e9a94b7fca5c, type: 3}
      propertyPath: m_LocalRotation.y
      value: -0.2991228
      objectReference: {fileID: 0}
    - target: {fileID: 400000, guid: 55e525ee03f1fb847bf8e9a94b7fca5c, type: 3}
      propertyPath: m_LocalRotation.z
      value: 0.881388
      objectReference: {fileID: 0}
    - target: {fileID: 400000, guid: 55e525ee03f1fb847bf8e9a94b7fca5c, type: 3}
      propertyPath: m_LocalRotation.w
      value: -0.12560302
      objectReference: {fileID: 0}
    - target: {fileID: 400000, guid: 55e525ee03f1fb847bf8e9a94b7fca5c, type: 3}
      propertyPath: m_RootOrder
      value: 20
      objectReference: {fileID: 0}
    - target: {fileID: 100000, guid: 55e525ee03f1fb847bf8e9a94b7fca5c, type: 3}
      propertyPath: m_Name
      value: arbol (9)
      objectReference: {fileID: 0}
    - target: {fileID: 2300000, guid: 55e525ee03f1fb847bf8e9a94b7fca5c, type: 3}
      propertyPath: m_Materials.Array.data[0]
      value: 
      objectReference: {fileID: 2100000, guid: e1baa063e6e28cd438612084ca08d298, type: 2}
    m_RemovedComponents: []
  m_ParentPrefab: {fileID: 100100000, guid: 55e525ee03f1fb847bf8e9a94b7fca5c, type: 3}
  m_IsPrefabParent: 0
--- !u!1 &141924512
GameObject:
  m_ObjectHideFlags: 0
  m_PrefabParentObject: {fileID: 0}
  m_PrefabInternal: {fileID: 0}
  serializedVersion: 4
  m_Component:
  - 4: {fileID: 141924514}
  - 108: {fileID: 141924513}
  m_Layer: 0
  m_Name: Directional Light (1)
  m_TagString: Untagged
  m_Icon: {fileID: 0}
  m_NavMeshLayer: 0
  m_StaticEditorFlags: 0
  m_IsActive: 1
--- !u!108 &141924513
Light:
  m_ObjectHideFlags: 0
  m_PrefabParentObject: {fileID: 0}
  m_PrefabInternal: {fileID: 0}
  m_GameObject: {fileID: 141924512}
  m_Enabled: 1
  serializedVersion: 6
  m_Type: 1
  m_Color: {r: 1, g: 0.95686275, b: 0.8392157, a: 1}
  m_Intensity: 1
  m_Range: 10
  m_SpotAngle: 30
  m_CookieSize: 10
  m_Shadows:
    m_Type: 2
    m_Resolution: -1
    m_Strength: 1
    m_Bias: 0.05
    m_NormalBias: 0.4
    m_NearPlane: 0.2
  m_Cookie: {fileID: 0}
  m_DrawHalo: 0
  m_Flare: {fileID: 0}
  m_RenderMode: 0
  m_CullingMask:
    serializedVersion: 2
    m_Bits: 4294967295
  m_Lightmapping: 4
  m_BounceIntensity: 1
  m_ShadowRadius: 0
  m_ShadowAngle: 0
  m_AreaSize: {x: 1, y: 1}
--- !u!4 &141924514
Transform:
  m_ObjectHideFlags: 0
  m_PrefabParentObject: {fileID: 0}
  m_PrefabInternal: {fileID: 0}
  m_GameObject: {fileID: 141924512}
  m_LocalRotation: {x: 0.40821794, y: -0.23456973, z: 0.109381676, w: 0.87542605}
  m_LocalPosition: {x: 12.5, y: 32.7, z: -21.6}
  m_LocalScale: {x: 1, y: 1, z: 1}
  m_Children: []
  m_Father: {fileID: 0}
  m_RootOrder: 5
--- !u!1001 &209011943
Prefab:
  m_ObjectHideFlags: 0
  serializedVersion: 2
  m_Modification:
    m_TransformParent: {fileID: 0}
    m_Modifications:
    - target: {fileID: 400000, guid: 55e525ee03f1fb847bf8e9a94b7fca5c, type: 3}
      propertyPath: m_LocalPosition.x
      value: -6.23812
      objectReference: {fileID: 0}
    - target: {fileID: 400000, guid: 55e525ee03f1fb847bf8e9a94b7fca5c, type: 3}
      propertyPath: m_LocalPosition.y
      value: -8.7821245
      objectReference: {fileID: 0}
    - target: {fileID: 400000, guid: 55e525ee03f1fb847bf8e9a94b7fca5c, type: 3}
      propertyPath: m_LocalPosition.z
      value: 9.18349
      objectReference: {fileID: 0}
    - target: {fileID: 400000, guid: 55e525ee03f1fb847bf8e9a94b7fca5c, type: 3}
      propertyPath: m_LocalRotation.x
      value: 0.33789337
      objectReference: {fileID: 0}
    - target: {fileID: 400000, guid: 55e525ee03f1fb847bf8e9a94b7fca5c, type: 3}
      propertyPath: m_LocalRotation.y
      value: -0.21366173
      objectReference: {fileID: 0}
    - target: {fileID: 400000, guid: 55e525ee03f1fb847bf8e9a94b7fca5c, type: 3}
      propertyPath: m_LocalRotation.z
      value: 0.0050343964
      objectReference: {fileID: 0}
    - target: {fileID: 400000, guid: 55e525ee03f1fb847bf8e9a94b7fca5c, type: 3}
      propertyPath: m_LocalRotation.w
      value: 0.9165978
      objectReference: {fileID: 0}
    - target: {fileID: 400000, guid: 55e525ee03f1fb847bf8e9a94b7fca5c, type: 3}
      propertyPath: m_RootOrder
      value: 19
      objectReference: {fileID: 0}
    - target: {fileID: 100000, guid: 55e525ee03f1fb847bf8e9a94b7fca5c, type: 3}
      propertyPath: m_Name
      value: arbol (5)
      objectReference: {fileID: 0}
    - target: {fileID: 2300000, guid: 55e525ee03f1fb847bf8e9a94b7fca5c, type: 3}
      propertyPath: m_Materials.Array.data[0]
      value: 
      objectReference: {fileID: 2100000, guid: 79277180153b6224ead0455f251a9871, type: 2}
    m_RemovedComponents: []
  m_ParentPrefab: {fileID: 100100000, guid: 55e525ee03f1fb847bf8e9a94b7fca5c, type: 3}
  m_IsPrefabParent: 0
--- !u!1001 &299034289
Prefab:
  m_ObjectHideFlags: 0
  serializedVersion: 2
  m_Modification:
    m_TransformParent: {fileID: 0}
    m_Modifications:
    - target: {fileID: 22486244, guid: 52a218b0a01614c3994f326fcb2d8255, type: 2}
      propertyPath: m_LocalPosition.x
      value: 0
      objectReference: {fileID: 0}
    - target: {fileID: 22486244, guid: 52a218b0a01614c3994f326fcb2d8255, type: 2}
      propertyPath: m_LocalPosition.y
      value: 0
      objectReference: {fileID: 0}
    - target: {fileID: 22486244, guid: 52a218b0a01614c3994f326fcb2d8255, type: 2}
      propertyPath: m_LocalPosition.z
      value: 0
      objectReference: {fileID: 0}
    - target: {fileID: 22486244, guid: 52a218b0a01614c3994f326fcb2d8255, type: 2}
      propertyPath: m_LocalRotation.x
      value: 0
      objectReference: {fileID: 0}
    - target: {fileID: 22486244, guid: 52a218b0a01614c3994f326fcb2d8255, type: 2}
      propertyPath: m_LocalRotation.y
      value: 0
      objectReference: {fileID: 0}
    - target: {fileID: 22486244, guid: 52a218b0a01614c3994f326fcb2d8255, type: 2}
      propertyPath: m_LocalRotation.z
      value: 0
      objectReference: {fileID: 0}
    - target: {fileID: 22486244, guid: 52a218b0a01614c3994f326fcb2d8255, type: 2}
      propertyPath: m_LocalRotation.w
      value: 1
      objectReference: {fileID: 0}
    - target: {fileID: 22486244, guid: 52a218b0a01614c3994f326fcb2d8255, type: 2}
      propertyPath: m_RootOrder
      value: 27
      objectReference: {fileID: 0}
    - target: {fileID: 22486244, guid: 52a218b0a01614c3994f326fcb2d8255, type: 2}
      propertyPath: m_AnchoredPosition.x
      value: 0
      objectReference: {fileID: 0}
    - target: {fileID: 22486244, guid: 52a218b0a01614c3994f326fcb2d8255, type: 2}
      propertyPath: m_AnchoredPosition.y
      value: 0
      objectReference: {fileID: 0}
    - target: {fileID: 22486244, guid: 52a218b0a01614c3994f326fcb2d8255, type: 2}
      propertyPath: m_SizeDelta.x
      value: 0
      objectReference: {fileID: 0}
    - target: {fileID: 22486244, guid: 52a218b0a01614c3994f326fcb2d8255, type: 2}
      propertyPath: m_SizeDelta.y
      value: 0
      objectReference: {fileID: 0}
    - target: {fileID: 22486244, guid: 52a218b0a01614c3994f326fcb2d8255, type: 2}
      propertyPath: m_AnchorMin.x
      value: 0
      objectReference: {fileID: 0}
    - target: {fileID: 22486244, guid: 52a218b0a01614c3994f326fcb2d8255, type: 2}
      propertyPath: m_AnchorMin.y
      value: 0
      objectReference: {fileID: 0}
    - target: {fileID: 22486244, guid: 52a218b0a01614c3994f326fcb2d8255, type: 2}
      propertyPath: m_AnchorMax.x
      value: 0
      objectReference: {fileID: 0}
    - target: {fileID: 22486244, guid: 52a218b0a01614c3994f326fcb2d8255, type: 2}
      propertyPath: m_AnchorMax.y
      value: 0
      objectReference: {fileID: 0}
    - target: {fileID: 22486244, guid: 52a218b0a01614c3994f326fcb2d8255, type: 2}
      propertyPath: m_Pivot.x
      value: 0
      objectReference: {fileID: 0}
    - target: {fileID: 22486244, guid: 52a218b0a01614c3994f326fcb2d8255, type: 2}
      propertyPath: m_Pivot.y
      value: 0
      objectReference: {fileID: 0}
    m_RemovedComponents: []
  m_ParentPrefab: {fileID: 100100000, guid: 52a218b0a01614c3994f326fcb2d8255, type: 2}
  m_IsPrefabParent: 0
--- !u!1001 &309909342
Prefab:
  m_ObjectHideFlags: 0
  serializedVersion: 2
  m_Modification:
    m_TransformParent: {fileID: 0}
    m_Modifications:
    - target: {fileID: 400000, guid: 55e525ee03f1fb847bf8e9a94b7fca5c, type: 3}
      propertyPath: m_LocalPosition.x
      value: 12.67697
      objectReference: {fileID: 0}
    - target: {fileID: 400000, guid: 55e525ee03f1fb847bf8e9a94b7fca5c, type: 3}
      propertyPath: m_LocalPosition.y
      value: 1.7322942
      objectReference: {fileID: 0}
    - target: {fileID: 400000, guid: 55e525ee03f1fb847bf8e9a94b7fca5c, type: 3}
      propertyPath: m_LocalPosition.z
      value: -4.8414726
      objectReference: {fileID: 0}
    - target: {fileID: 400000, guid: 55e525ee03f1fb847bf8e9a94b7fca5c, type: 3}
      propertyPath: m_LocalRotation.x
      value: -0.410093
      objectReference: {fileID: 0}
    - target: {fileID: 400000, guid: 55e525ee03f1fb847bf8e9a94b7fca5c, type: 3}
      propertyPath: m_LocalRotation.y
      value: 0.69443953
      objectReference: {fileID: 0}
    - target: {fileID: 400000, guid: 55e525ee03f1fb847bf8e9a94b7fca5c, type: 3}
      propertyPath: m_LocalRotation.z
      value: -0.28812692
      objectReference: {fileID: 0}
    - target: {fileID: 400000, guid: 55e525ee03f1fb847bf8e9a94b7fca5c, type: 3}
      propertyPath: m_LocalRotation.w
      value: 0.5162949
      objectReference: {fileID: 0}
    - target: {fileID: 400000, guid: 55e525ee03f1fb847bf8e9a94b7fca5c, type: 3}
      propertyPath: m_RootOrder
      value: 17
      objectReference: {fileID: 0}
    - target: {fileID: 100000, guid: 55e525ee03f1fb847bf8e9a94b7fca5c, type: 3}
      propertyPath: m_Name
      value: arbol (3)
      objectReference: {fileID: 0}
    - target: {fileID: 2300000, guid: 55e525ee03f1fb847bf8e9a94b7fca5c, type: 3}
      propertyPath: m_Materials.Array.data[0]
      value: 
      objectReference: {fileID: 2100000, guid: e2a4937376985a3469125c146a4e6447, type: 2}
    m_RemovedComponents: []
  m_ParentPrefab: {fileID: 100100000, guid: 55e525ee03f1fb847bf8e9a94b7fca5c, type: 3}
  m_IsPrefabParent: 0
--- !u!1001 &336140630
Prefab:
  m_ObjectHideFlags: 0
  serializedVersion: 2
  m_Modification:
    m_TransformParent: {fileID: 0}
    m_Modifications:
    - target: {fileID: 475676, guid: e60b66df3cb754227b2e63d7e1e745ac, type: 2}
      propertyPath: m_LocalPosition.x
      value: 0
      objectReference: {fileID: 0}
    - target: {fileID: 475676, guid: e60b66df3cb754227b2e63d7e1e745ac, type: 2}
      propertyPath: m_LocalPosition.y
      value: 0
      objectReference: {fileID: 0}
    - target: {fileID: 475676, guid: e60b66df3cb754227b2e63d7e1e745ac, type: 2}
      propertyPath: m_LocalPosition.z
      value: 0
      objectReference: {fileID: 0}
    - target: {fileID: 475676, guid: e60b66df3cb754227b2e63d7e1e745ac, type: 2}
      propertyPath: m_LocalRotation.x
      value: 0
      objectReference: {fileID: 0}
    - target: {fileID: 475676, guid: e60b66df3cb754227b2e63d7e1e745ac, type: 2}
      propertyPath: m_LocalRotation.y
      value: 0
      objectReference: {fileID: 0}
    - target: {fileID: 475676, guid: e60b66df3cb754227b2e63d7e1e745ac, type: 2}
      propertyPath: m_LocalRotation.z
      value: 0
      objectReference: {fileID: 0}
    - target: {fileID: 475676, guid: e60b66df3cb754227b2e63d7e1e745ac, type: 2}
      propertyPath: m_LocalRotation.w
      value: 1
      objectReference: {fileID: 0}
    - target: {fileID: 475676, guid: e60b66df3cb754227b2e63d7e1e745ac, type: 2}
      propertyPath: m_RootOrder
      value: 14
      objectReference: {fileID: 0}
    - target: {fileID: 11401828, guid: e60b66df3cb754227b2e63d7e1e745ac, type: 2}
      propertyPath: walls
      value: 2
      objectReference: {fileID: 0}
    - target: {fileID: 11401828, guid: e60b66df3cb754227b2e63d7e1e745ac, type: 2}
      propertyPath: neutralize
      value: 10
      objectReference: {fileID: 0}
    - target: {fileID: 11401828, guid: e60b66df3cb754227b2e63d7e1e745ac, type: 2}
      propertyPath: freeze
      value: 20
      objectReference: {fileID: 0}
    - target: {fileID: 11448096, guid: e60b66df3cb754227b2e63d7e1e745ac, type: 2}
      propertyPath: isFlat
      value: 0
      objectReference: {fileID: 0}
    - target: {fileID: 11401828, guid: e60b66df3cb754227b2e63d7e1e745ac, type: 2}
      propertyPath: superLove
      value: 1
      objectReference: {fileID: 0}
    - target: {fileID: 11401828, guid: e60b66df3cb754227b2e63d7e1e745ac, type: 2}
      propertyPath: changeSpeed
      value: 50
      objectReference: {fileID: 0}
    - target: {fileID: 11401828, guid: e60b66df3cb754227b2e63d7e1e745ac, type: 2}
      propertyPath: changeDirection
      value: 50
      objectReference: {fileID: 0}
    - target: {fileID: 11401828, guid: e60b66df3cb754227b2e63d7e1e745ac, type: 2}
      propertyPath: sacrifice
      value: 5
      objectReference: {fileID: 0}
    m_RemovedComponents: []
  m_ParentPrefab: {fileID: 100100000, guid: e60b66df3cb754227b2e63d7e1e745ac, type: 2}
  m_IsPrefabParent: 0
--- !u!1001 &338083232
Prefab:
  m_ObjectHideFlags: 0
  serializedVersion: 2
  m_Modification:
    m_TransformParent: {fileID: 0}
    m_Modifications:
    - target: {fileID: 400000, guid: 55e525ee03f1fb847bf8e9a94b7fca5c, type: 3}
      propertyPath: m_LocalPosition.x
      value: -10.631171
      objectReference: {fileID: 0}
    - target: {fileID: 400000, guid: 55e525ee03f1fb847bf8e9a94b7fca5c, type: 3}
      propertyPath: m_LocalPosition.y
      value: 8.753187
      objectReference: {fileID: 0}
    - target: {fileID: 400000, guid: 55e525ee03f1fb847bf8e9a94b7fca5c, type: 3}
      propertyPath: m_LocalPosition.z
      value: -0.6906588
      objectReference: {fileID: 0}
    - target: {fileID: 400000, guid: 55e525ee03f1fb847bf8e9a94b7fca5c, type: 3}
      propertyPath: m_LocalRotation.x
      value: -0.7344964
      objectReference: {fileID: 0}
    - target: {fileID: 400000, guid: 55e525ee03f1fb847bf8e9a94b7fca5c, type: 3}
      propertyPath: m_LocalRotation.y
      value: 0.23272043
      objectReference: {fileID: 0}
    - target: {fileID: 400000, guid: 55e525ee03f1fb847bf8e9a94b7fca5c, type: 3}
      propertyPath: m_LocalRotation.z
      value: 0.60991484
      objectReference: {fileID: 0}
    - target: {fileID: 400000, guid: 55e525ee03f1fb847bf8e9a94b7fca5c, type: 3}
      propertyPath: m_LocalRotation.w
      value: 0.185365
      objectReference: {fileID: 0}
    - target: {fileID: 400000, guid: 55e525ee03f1fb847bf8e9a94b7fca5c, type: 3}
      propertyPath: m_RootOrder
      value: 21
      objectReference: {fileID: 0}
    - target: {fileID: 100000, guid: 55e525ee03f1fb847bf8e9a94b7fca5c, type: 3}
      propertyPath: m_Name
      value: arbol (13)
      objectReference: {fileID: 0}
    - target: {fileID: 2300000, guid: 55e525ee03f1fb847bf8e9a94b7fca5c, type: 3}
      propertyPath: m_Materials.Array.data[0]
      value: 
      objectReference: {fileID: 2100000, guid: 73b49d8b087fc4c4e9e5741235c46365, type: 2}
    m_RemovedComponents: []
  m_ParentPrefab: {fileID: 100100000, guid: 55e525ee03f1fb847bf8e9a94b7fca5c, type: 3}
  m_IsPrefabParent: 0
--- !u!1 &469903054
GameObject:
  m_ObjectHideFlags: 0
  m_PrefabParentObject: {fileID: 0}
  m_PrefabInternal: {fileID: 0}
  serializedVersion: 4
  m_Component:
  - 4: {fileID: 469903056}
  - 108: {fileID: 469903055}
  m_Layer: 0
  m_Name: Directional Light
  m_TagString: Untagged
  m_Icon: {fileID: 0}
  m_NavMeshLayer: 0
  m_StaticEditorFlags: 0
  m_IsActive: 1
--- !u!108 &469903055
Light:
  m_ObjectHideFlags: 0
  m_PrefabParentObject: {fileID: 0}
  m_PrefabInternal: {fileID: 0}
  m_GameObject: {fileID: 469903054}
  m_Enabled: 1
  serializedVersion: 6
  m_Type: 1
  m_Color: {r: 1, g: 0.95686275, b: 0.8392157, a: 1}
  m_Intensity: 1
  m_Range: 10
  m_SpotAngle: 30
  m_CookieSize: 10
  m_Shadows:
    m_Type: 2
    m_Resolution: -1
    m_Strength: 1
    m_Bias: 0.05
    m_NormalBias: 0.4
    m_NearPlane: 0.2
  m_Cookie: {fileID: 0}
  m_DrawHalo: 0
  m_Flare: {fileID: 0}
  m_RenderMode: 0
  m_CullingMask:
    serializedVersion: 2
    m_Bits: 4294967295
  m_Lightmapping: 4
  m_BounceIntensity: 1
  m_ShadowRadius: 0
  m_ShadowAngle: 0
  m_AreaSize: {x: 1, y: 1}
--- !u!4 &469903056
Transform:
  m_ObjectHideFlags: 0
  m_PrefabParentObject: {fileID: 0}
  m_PrefabInternal: {fileID: 0}
  m_GameObject: {fileID: 469903054}
  m_LocalRotation: {x: 0.40821794, y: -0.23456973, z: 0.109381676, w: 0.87542605}
  m_LocalPosition: {x: 0, y: 3, z: 0}
  m_LocalScale: {x: 1, y: 1, z: 1}
  m_Children: []
  m_Father: {fileID: 0}
  m_RootOrder: 0
--- !u!1001 &486682240
Prefab:
  m_ObjectHideFlags: 0
  serializedVersion: 2
  m_Modification:
    m_TransformParent: {fileID: 0}
    m_Modifications:
    - target: {fileID: 400000, guid: 55e525ee03f1fb847bf8e9a94b7fca5c, type: 3}
      propertyPath: m_LocalPosition.x
      value: -8.245306
      objectReference: {fileID: 0}
    - target: {fileID: 400000, guid: 55e525ee03f1fb847bf8e9a94b7fca5c, type: 3}
      propertyPath: m_LocalPosition.y
      value: -11.412579
      objectReference: {fileID: 0}
    - target: {fileID: 400000, guid: 55e525ee03f1fb847bf8e9a94b7fca5c, type: 3}
      propertyPath: m_LocalPosition.z
      value: -2.371547
      objectReference: {fileID: 0}
    - target: {fileID: 400000, guid: 55e525ee03f1fb847bf8e9a94b7fca5c, type: 3}
      propertyPath: m_LocalRotation.x
      value: -0.3735317
      objectReference: {fileID: 0}
    - target: {fileID: 400000, guid: 55e525ee03f1fb847bf8e9a94b7fca5c, type: 3}
      propertyPath: m_LocalRotation.y
      value: 0.6719564
      objectReference: {fileID: 0}
    - target: {fileID: 400000, guid: 55e525ee03f1fb847bf8e9a94b7fca5c, type: 3}
      propertyPath: m_LocalRotation.z
      value: -0.22923878
      objectReference: {fileID: 0}
    - target: {fileID: 400000, guid: 55e525ee03f1fb847bf8e9a94b7fca5c, type: 3}
      propertyPath: m_LocalRotation.w
      value: -0.596991
      objectReference: {fileID: 0}
    - target: {fileID: 400000, guid: 55e525ee03f1fb847bf8e9a94b7fca5c, type: 3}
      propertyPath: m_RootOrder
      value: 23
      objectReference: {fileID: 0}
    - target: {fileID: 100000, guid: 55e525ee03f1fb847bf8e9a94b7fca5c, type: 3}
      propertyPath: m_Name
      value: arbol (10)
      objectReference: {fileID: 0}
    - target: {fileID: 2300000, guid: 55e525ee03f1fb847bf8e9a94b7fca5c, type: 3}
      propertyPath: m_Materials.Array.data[0]
      value: 
      objectReference: {fileID: 2100000, guid: 5ee728fe65839f24196290630af72dde, type: 2}
    m_RemovedComponents: []
  m_ParentPrefab: {fileID: 100100000, guid: 55e525ee03f1fb847bf8e9a94b7fca5c, type: 3}
  m_IsPrefabParent: 0
--- !u!1 &506104831
GameObject:
  m_ObjectHideFlags: 0
  m_PrefabParentObject: {fileID: 0}
  m_PrefabInternal: {fileID: 0}
  serializedVersion: 4
  m_Component:
  - 4: {fileID: 506104834}
  - 114: {fileID: 506104833}
  - 114: {fileID: 506104832}
  m_Layer: 0
  m_Name: EventSystem
  m_TagString: Untagged
  m_Icon: {fileID: 0}
  m_NavMeshLayer: 0
  m_StaticEditorFlags: 0
  m_IsActive: 1
--- !u!114 &506104832
MonoBehaviour:
  m_ObjectHideFlags: 0
  m_PrefabParentObject: {fileID: 0}
  m_PrefabInternal: {fileID: 0}
  m_GameObject: {fileID: 506104831}
  m_Enabled: 1
  m_EditorHideFlags: 0
  m_Script: {fileID: 1077351063, guid: f5f67c52d1564df4a8936ccd202a3bd8, type: 3}
  m_Name: 
  m_EditorClassIdentifier: 
  m_HorizontalAxis: Horizontal
  m_VerticalAxis: Vertical
  m_SubmitButton: Submit
  m_CancelButton: Cancel
  m_InputActionsPerSecond: 10
  m_RepeatDelay: 0.5
  m_ForceModuleActive: 0
--- !u!114 &506104833
MonoBehaviour:
  m_ObjectHideFlags: 0
  m_PrefabParentObject: {fileID: 0}
  m_PrefabInternal: {fileID: 0}
  m_GameObject: {fileID: 506104831}
  m_Enabled: 1
  m_EditorHideFlags: 0
  m_Script: {fileID: -619905303, guid: f5f67c52d1564df4a8936ccd202a3bd8, type: 3}
  m_Name: 
  m_EditorClassIdentifier: 
  m_FirstSelected: {fileID: 0}
  m_sendNavigationEvents: 1
  m_DragThreshold: 5
--- !u!4 &506104834
Transform:
  m_ObjectHideFlags: 0
  m_PrefabParentObject: {fileID: 0}
  m_PrefabInternal: {fileID: 0}
  m_GameObject: {fileID: 506104831}
  m_LocalRotation: {x: 0, y: 0, z: 0, w: 1}
  m_LocalPosition: {x: 0, y: 0, z: 0}
  m_LocalScale: {x: 1, y: 1, z: 1}
  m_Children: []
  m_Father: {fileID: 0}
  m_RootOrder: 28
--- !u!1001 &548389978
Prefab:
  m_ObjectHideFlags: 0
  serializedVersion: 2
  m_Modification:
    m_TransformParent: {fileID: 0}
    m_Modifications:
    - target: {fileID: 22426442, guid: 4a1dc86e6a952474dbe666e1a61675c6, type: 2}
      propertyPath: m_LocalPosition.x
      value: 0
      objectReference: {fileID: 0}
    - target: {fileID: 22426442, guid: 4a1dc86e6a952474dbe666e1a61675c6, type: 2}
      propertyPath: m_LocalPosition.y
      value: 0
      objectReference: {fileID: 0}
    - target: {fileID: 22426442, guid: 4a1dc86e6a952474dbe666e1a61675c6, type: 2}
      propertyPath: m_LocalPosition.z
      value: 0
      objectReference: {fileID: 0}
    - target: {fileID: 22426442, guid: 4a1dc86e6a952474dbe666e1a61675c6, type: 2}
      propertyPath: m_LocalRotation.x
      value: 0
      objectReference: {fileID: 0}
    - target: {fileID: 22426442, guid: 4a1dc86e6a952474dbe666e1a61675c6, type: 2}
      propertyPath: m_LocalRotation.y
      value: 0
      objectReference: {fileID: 0}
    - target: {fileID: 22426442, guid: 4a1dc86e6a952474dbe666e1a61675c6, type: 2}
      propertyPath: m_LocalRotation.z
      value: 0
      objectReference: {fileID: 0}
    - target: {fileID: 22426442, guid: 4a1dc86e6a952474dbe666e1a61675c6, type: 2}
      propertyPath: m_LocalRotation.w
      value: 1
      objectReference: {fileID: 0}
    - target: {fileID: 22426442, guid: 4a1dc86e6a952474dbe666e1a61675c6, type: 2}
      propertyPath: m_RootOrder
      value: 12
      objectReference: {fileID: 0}
    - target: {fileID: 22426442, guid: 4a1dc86e6a952474dbe666e1a61675c6, type: 2}
      propertyPath: m_AnchoredPosition.x
      value: 0
      objectReference: {fileID: 0}
    - target: {fileID: 22426442, guid: 4a1dc86e6a952474dbe666e1a61675c6, type: 2}
      propertyPath: m_AnchoredPosition.y
      value: 0
      objectReference: {fileID: 0}
    - target: {fileID: 22426442, guid: 4a1dc86e6a952474dbe666e1a61675c6, type: 2}
      propertyPath: m_SizeDelta.x
      value: 0
      objectReference: {fileID: 0}
    - target: {fileID: 22426442, guid: 4a1dc86e6a952474dbe666e1a61675c6, type: 2}
      propertyPath: m_SizeDelta.y
      value: 0
      objectReference: {fileID: 0}
    - target: {fileID: 22426442, guid: 4a1dc86e6a952474dbe666e1a61675c6, type: 2}
      propertyPath: m_AnchorMin.x
      value: 0
      objectReference: {fileID: 0}
    - target: {fileID: 22426442, guid: 4a1dc86e6a952474dbe666e1a61675c6, type: 2}
      propertyPath: m_AnchorMin.y
      value: 0
      objectReference: {fileID: 0}
    - target: {fileID: 22426442, guid: 4a1dc86e6a952474dbe666e1a61675c6, type: 2}
      propertyPath: m_AnchorMax.x
      value: 0
      objectReference: {fileID: 0}
    - target: {fileID: 22426442, guid: 4a1dc86e6a952474dbe666e1a61675c6, type: 2}
      propertyPath: m_AnchorMax.y
      value: 0
      objectReference: {fileID: 0}
    - target: {fileID: 22426442, guid: 4a1dc86e6a952474dbe666e1a61675c6, type: 2}
      propertyPath: m_Pivot.x
      value: 0
      objectReference: {fileID: 0}
    - target: {fileID: 22426442, guid: 4a1dc86e6a952474dbe666e1a61675c6, type: 2}
      propertyPath: m_Pivot.y
      value: 0
      objectReference: {fileID: 0}
    - target: {fileID: 171466, guid: 4a1dc86e6a952474dbe666e1a61675c6, type: 2}
      propertyPath: m_IsActive
      value: 0
      objectReference: {fileID: 0}
    m_RemovedComponents: []
  m_ParentPrefab: {fileID: 100100000, guid: 4a1dc86e6a952474dbe666e1a61675c6, type: 2}
  m_IsPrefabParent: 0
--- !u!1 &552759928
GameObject:
  m_ObjectHideFlags: 0
  m_PrefabParentObject: {fileID: 0}
  m_PrefabInternal: {fileID: 0}
  serializedVersion: 4
  m_Component:
  - 4: {fileID: 552759930}
  - 108: {fileID: 552759929}
  m_Layer: 0
  m_Name: Spotlight
  m_TagString: Untagged
  m_Icon: {fileID: 0}
  m_NavMeshLayer: 0
  m_StaticEditorFlags: 0
  m_IsActive: 1
--- !u!108 &552759929
Light:
  m_ObjectHideFlags: 0
  m_PrefabParentObject: {fileID: 0}
  m_PrefabInternal: {fileID: 0}
  m_GameObject: {fileID: 552759928}
  m_Enabled: 1
  serializedVersion: 6
  m_Type: 2
  m_Color: {r: 1, g: 1, b: 1, a: 1}
  m_Intensity: 7.41
  m_Range: 10
  m_SpotAngle: 30
  m_CookieSize: 10
  m_Shadows:
    m_Type: 0
    m_Resolution: -1
    m_Strength: 1
    m_Bias: 0.05
    m_NormalBias: 0.4
    m_NearPlane: 0.2
  m_Cookie: {fileID: 0}
  m_DrawHalo: 0
  m_Flare: {fileID: 0}
  m_RenderMode: 0
  m_CullingMask:
    serializedVersion: 2
    m_Bits: 4294967295
  m_Lightmapping: 4
  m_BounceIntensity: 2.86
  m_ShadowRadius: 0
  m_ShadowAngle: 0
  m_AreaSize: {x: 1, y: 1}
--- !u!4 &552759930
Transform:
  m_ObjectHideFlags: 0
  m_PrefabParentObject: {fileID: 0}
  m_PrefabInternal: {fileID: 0}
  m_GameObject: {fileID: 552759928}
  m_LocalRotation: {x: 0.17429547, y: 0.6852891, z: 0.6852891, w: 0.17429544}
  m_LocalPosition: {x: -3.7, y: -6.9, z: 17}
  m_LocalScale: {x: 1, y: 1, z: 1}
  m_Children: []
  m_Father: {fileID: 0}
  m_RootOrder: 6
--- !u!1001 &622578999
Prefab:
  m_ObjectHideFlags: 0
  serializedVersion: 2
  m_Modification:
    m_TransformParent: {fileID: 0}
    m_Modifications:
    - target: {fileID: 400000, guid: 55e525ee03f1fb847bf8e9a94b7fca5c, type: 3}
      propertyPath: m_LocalPosition.x
      value: 8.164158
      objectReference: {fileID: 0}
    - target: {fileID: 400000, guid: 55e525ee03f1fb847bf8e9a94b7fca5c, type: 3}
      propertyPath: m_LocalPosition.y
      value: -5.8019934
      objectReference: {fileID: 0}
    - target: {fileID: 400000, guid: 55e525ee03f1fb847bf8e9a94b7fca5c, type: 3}
      propertyPath: m_LocalPosition.z
      value: 9.575644
      objectReference: {fileID: 0}
    - target: {fileID: 400000, guid: 55e525ee03f1fb847bf8e9a94b7fca5c, type: 3}
      propertyPath: m_LocalRotation.x
      value: 0.37154153
      objectReference: {fileID: 0}
    - target: {fileID: 400000, guid: 55e525ee03f1fb847bf8e9a94b7fca5c, type: 3}
      propertyPath: m_LocalRotation.y
      value: -0.14194266
      objectReference: {fileID: 0}
    - target: {fileID: 400000, guid: 55e525ee03f1fb847bf8e9a94b7fca5c, type: 3}
      propertyPath: m_LocalRotation.z
      value: 0.91701984
      objectReference: {fileID: 0}
    - target: {fileID: 400000, guid: 55e525ee03f1fb847bf8e9a94b7fca5c, type: 3}
      propertyPath: m_LocalRotation.w
      value: -0.029727878
      objectReference: {fileID: 0}
    - target: {fileID: 400000, guid: 55e525ee03f1fb847bf8e9a94b7fca5c, type: 3}
      propertyPath: m_RootOrder
      value: 26
      objectReference: {fileID: 0}
    - target: {fileID: 100000, guid: 55e525ee03f1fb847bf8e9a94b7fca5c, type: 3}
      propertyPath: m_Name
      value: arbol (8)
      objectReference: {fileID: 0}
    - target: {fileID: 2300000, guid: 55e525ee03f1fb847bf8e9a94b7fca5c, type: 3}
      propertyPath: m_Materials.Array.data[0]
      value: 
      objectReference: {fileID: 2100000, guid: 1829424b55f9a5d45a20bcbb8eb0192c, type: 2}
    m_RemovedComponents: []
  m_ParentPrefab: {fileID: 100100000, guid: 55e525ee03f1fb847bf8e9a94b7fca5c, type: 3}
  m_IsPrefabParent: 0
--- !u!1 &753213558
GameObject:
  m_ObjectHideFlags: 0
  m_PrefabParentObject: {fileID: 0}
  m_PrefabInternal: {fileID: 0}
  serializedVersion: 4
  m_Component:
  - 4: {fileID: 753213559}
  - 82: {fileID: 753213560}
  m_Layer: 0
  m_Name: sonido
  m_TagString: Untagged
  m_Icon: {fileID: 0}
  m_NavMeshLayer: 0
  m_StaticEditorFlags: 0
  m_IsActive: 1
--- !u!4 &753213559
Transform:
  m_ObjectHideFlags: 0
  m_PrefabParentObject: {fileID: 0}
  m_PrefabInternal: {fileID: 0}
  m_GameObject: {fileID: 753213558}
  m_LocalRotation: {x: 0, y: 0, z: 0, w: 1}
  m_LocalPosition: {x: 0, y: 0, z: 0}
  m_LocalScale: {x: 1, y: 1, z: 1}
  m_Children: []
  m_Father: {fileID: 1678406053}
  m_RootOrder: 0
--- !u!82 &753213560
AudioSource:
  m_ObjectHideFlags: 0
  m_PrefabParentObject: {fileID: 0}
  m_PrefabInternal: {fileID: 0}
  m_GameObject: {fileID: 753213558}
  m_Enabled: 1
  serializedVersion: 4
  OutputAudioMixerGroup: {fileID: 0}
  m_audioClip: {fileID: 8300000, guid: abb53167316d40249ab65ae54e354909, type: 3}
  m_PlayOnAwake: 1
  m_Volume: 0.5
  m_Pitch: 1
  Loop: 1
  Mute: 0
  Spatialize: 0
  Priority: 128
  DopplerLevel: 1
  MinDistance: 1
  MaxDistance: 500
  Pan2D: 0
  rolloffMode: 0
  BypassEffects: 0
  BypassListenerEffects: 0
  BypassReverbZones: 0
  rolloffCustomCurve:
    serializedVersion: 2
    m_Curve:
    - time: 0
      value: 1
      inSlope: 0
      outSlope: 0
      tangentMode: 0
    - time: 1
      value: 0
      inSlope: 0
      outSlope: 0
      tangentMode: 0
    m_PreInfinity: 2
    m_PostInfinity: 2
    m_RotationOrder: 4
  panLevelCustomCurve:
    serializedVersion: 2
    m_Curve:
    - time: 0
      value: 0
      inSlope: 0
      outSlope: 0
      tangentMode: 0
    m_PreInfinity: 2
    m_PostInfinity: 2
    m_RotationOrder: 0
  spreadCustomCurve:
    serializedVersion: 2
    m_Curve:
    - time: 0
      value: 0
      inSlope: 0
      outSlope: 0
      tangentMode: 0
    m_PreInfinity: 2
    m_PostInfinity: 2
    m_RotationOrder: 0
  reverbZoneMixCustomCurve:
    serializedVersion: 2
    m_Curve:
    - time: 0
      value: 1
      inSlope: 0
      outSlope: 0
      tangentMode: 0
    m_PreInfinity: 2
    m_PostInfinity: 2
    m_RotationOrder: 0
--- !u!1001 &856860449
Prefab:
  m_ObjectHideFlags: 0
  serializedVersion: 2
  m_Modification:
    m_TransformParent: {fileID: 0}
    m_Modifications:
    - target: {fileID: 400000, guid: 55e525ee03f1fb847bf8e9a94b7fca5c, type: 3}
      propertyPath: m_LocalPosition.x
      value: 10.059492
      objectReference: {fileID: 0}
    - target: {fileID: 400000, guid: 55e525ee03f1fb847bf8e9a94b7fca5c, type: 3}
      propertyPath: m_LocalPosition.y
      value: 7
      objectReference: {fileID: 0}
    - target: {fileID: 400000, guid: 55e525ee03f1fb847bf8e9a94b7fca5c, type: 3}
      propertyPath: m_LocalPosition.z
      value: 8.439996
      objectReference: {fileID: 0}
    - target: {fileID: 400000, guid: 55e525ee03f1fb847bf8e9a94b7fca5c, type: 3}
      propertyPath: m_LocalRotation.x
      value: -0.3254314
      objectReference: {fileID: 0}
    - target: {fileID: 400000, guid: 55e525ee03f1fb847bf8e9a94b7fca5c, type: 3}
      propertyPath: m_LocalRotation.y
      value: 0.38468748
      objectReference: {fileID: 0}
    - target: {fileID: 400000, guid: 55e525ee03f1fb847bf8e9a94b7fca5c, type: 3}
      propertyPath: m_LocalRotation.z
      value: -0.17939188
      objectReference: {fileID: 0}
    - target: {fileID: 400000, guid: 55e525ee03f1fb847bf8e9a94b7fca5c, type: 3}
      propertyPath: m_LocalRotation.w
      value: 0.8449429
      objectReference: {fileID: 0}
    - target: {fileID: 400000, guid: 55e525ee03f1fb847bf8e9a94b7fca5c, type: 3}
      propertyPath: m_RootOrder
      value: 18
      objectReference: {fileID: 0}
    - target: {fileID: 100000, guid: 55e525ee03f1fb847bf8e9a94b7fca5c, type: 3}
      propertyPath: m_Name
      value: arbol (4)
      objectReference: {fileID: 0}
    - target: {fileID: 2300000, guid: 55e525ee03f1fb847bf8e9a94b7fca5c, type: 3}
      propertyPath: m_Materials.Array.data[0]
      value: 
      objectReference: {fileID: 2100000, guid: 2b530ea23bb729245820b15278fe3830, type: 2}
    m_RemovedComponents: []
  m_ParentPrefab: {fileID: 100100000, guid: 55e525ee03f1fb847bf8e9a94b7fca5c, type: 3}
  m_IsPrefabParent: 0
--- !u!1001 &1035599047
Prefab:
  m_ObjectHideFlags: 0
  serializedVersion: 2
  m_Modification:
    m_TransformParent: {fileID: 0}
    m_Modifications:
    - target: {fileID: 400000, guid: 55e525ee03f1fb847bf8e9a94b7fca5c, type: 3}
      propertyPath: m_LocalPosition.x
      value: -4.19
      objectReference: {fileID: 0}
    - target: {fileID: 400000, guid: 55e525ee03f1fb847bf8e9a94b7fca5c, type: 3}
      propertyPath: m_LocalPosition.y
      value: -11.94
      objectReference: {fileID: 0}
    - target: {fileID: 400000, guid: 55e525ee03f1fb847bf8e9a94b7fca5c, type: 3}
      propertyPath: m_LocalPosition.z
      value: -7.23
      objectReference: {fileID: 0}
    - target: {fileID: 400000, guid: 55e525ee03f1fb847bf8e9a94b7fca5c, type: 3}
      propertyPath: m_LocalRotation.x
      value: 0.8639288
      objectReference: {fileID: 0}
    - target: {fileID: 400000, guid: 55e525ee03f1fb847bf8e9a94b7fca5c, type: 3}
      propertyPath: m_LocalRotation.y
      value: 0.016896542
      objectReference: {fileID: 0}
    - target: {fileID: 400000, guid: 55e525ee03f1fb847bf8e9a94b7fca5c, type: 3}
      propertyPath: m_LocalRotation.z
      value: -0.22890536
      objectReference: {fileID: 0}
    - target: {fileID: 400000, guid: 55e525ee03f1fb847bf8e9a94b7fca5c, type: 3}
      propertyPath: m_LocalRotation.w
      value: 0.4482677
      objectReference: {fileID: 0}
    - target: {fileID: 400000, guid: 55e525ee03f1fb847bf8e9a94b7fca5c, type: 3}
      propertyPath: m_RootOrder
      value: 25
      objectReference: {fileID: 0}
    - target: {fileID: 100000, guid: 55e525ee03f1fb847bf8e9a94b7fca5c, type: 3}
      propertyPath: m_Name
      value: arbol (12)
      objectReference: {fileID: 0}
    - target: {fileID: 2300000, guid: 55e525ee03f1fb847bf8e9a94b7fca5c, type: 3}
      propertyPath: m_Materials.Array.data[0]
      value: 
      objectReference: {fileID: 2100000, guid: 077c1895a47ed044db5030432ab7c1a2, type: 2}
    m_RemovedComponents: []
  m_ParentPrefab: {fileID: 100100000, guid: 55e525ee03f1fb847bf8e9a94b7fca5c, type: 3}
  m_IsPrefabParent: 0
--- !u!1001 &1040331365
Prefab:
  m_ObjectHideFlags: 0
  serializedVersion: 2
  m_Modification:
    m_TransformParent: {fileID: 0}
    m_Modifications:
    - target: {fileID: 400000, guid: 55e525ee03f1fb847bf8e9a94b7fca5c, type: 3}
      propertyPath: m_LocalPosition.x
      value: -5.92
      objectReference: {fileID: 0}
    - target: {fileID: 400000, guid: 55e525ee03f1fb847bf8e9a94b7fca5c, type: 3}
      propertyPath: m_LocalPosition.y
      value: -9.04
      objectReference: {fileID: 0}
    - target: {fileID: 400000, guid: 55e525ee03f1fb847bf8e9a94b7fca5c, type: 3}
      propertyPath: m_LocalPosition.z
      value: -10.45
      objectReference: {fileID: 0}
    - target: {fileID: 400000, guid: 55e525ee03f1fb847bf8e9a94b7fca5c, type: 3}
      propertyPath: m_LocalRotation.x
      value: 0.44894657
      objectReference: {fileID: 0}
    - target: {fileID: 400000, guid: 55e525ee03f1fb847bf8e9a94b7fca5c, type: 3}
      propertyPath: m_LocalRotation.y
      value: -0.73124564
      objectReference: {fileID: 0}
    - target: {fileID: 400000, guid: 55e525ee03f1fb847bf8e9a94b7fca5c, type: 3}
      propertyPath: m_LocalRotation.z
      value: 0.26130936
      objectReference: {fileID: 0}
    - target: {fileID: 400000, guid: 55e525ee03f1fb847bf8e9a94b7fca5c, type: 3}
      propertyPath: m_LocalRotation.w
      value: 0.44209072
      objectReference: {fileID: 0}
    - target: {fileID: 400000, guid: 55e525ee03f1fb847bf8e9a94b7fca5c, type: 3}
      propertyPath: m_RootOrder
      value: 13
      objectReference: {fileID: 0}
    - target: {fileID: 100000, guid: 55e525ee03f1fb847bf8e9a94b7fca5c, type: 3}
      propertyPath: m_Name
      value: arbol (11)
      objectReference: {fileID: 0}
    - target: {fileID: 2300000, guid: 55e525ee03f1fb847bf8e9a94b7fca5c, type: 3}
      propertyPath: m_Materials.Array.data[0]
      value: 
      objectReference: {fileID: 2100000, guid: a03e84b1d964cad488898fe81fc0ccac, type: 2}
    m_RemovedComponents: []
  m_ParentPrefab: {fileID: 100100000, guid: 55e525ee03f1fb847bf8e9a94b7fca5c, type: 3}
  m_IsPrefabParent: 0
--- !u!1001 &1154096882
Prefab:
  m_ObjectHideFlags: 0
  serializedVersion: 2
  m_Modification:
    m_TransformParent: {fileID: 0}
    m_Modifications:
    - target: {fileID: 400000, guid: 55e525ee03f1fb847bf8e9a94b7fca5c, type: 3}
      propertyPath: m_LocalPosition.x
      value: 11.46333
      objectReference: {fileID: 0}
    - target: {fileID: 400000, guid: 55e525ee03f1fb847bf8e9a94b7fca5c, type: 3}
      propertyPath: m_LocalPosition.y
      value: 7.4380903
      objectReference: {fileID: 0}
    - target: {fileID: 400000, guid: 55e525ee03f1fb847bf8e9a94b7fca5c, type: 3}
      propertyPath: m_LocalPosition.z
      value: -4.1976132
      objectReference: {fileID: 0}
    - target: {fileID: 400000, guid: 55e525ee03f1fb847bf8e9a94b7fca5c, type: 3}
      propertyPath: m_LocalRotation.x
      value: -0.64339906
      objectReference: {fileID: 0}
    - target: {fileID: 400000, guid: 55e525ee03f1fb847bf8e9a94b7fca5c, type: 3}
      propertyPath: m_LocalRotation.y
      value: 0.5135249
      objectReference: {fileID: 0}
    - target: {fileID: 400000, guid: 55e525ee03f1fb847bf8e9a94b7fca5c, type: 3}
      propertyPath: m_LocalRotation.z
      value: -0.23294161
      objectReference: {fileID: 0}
    - target: {fileID: 400000, guid: 55e525ee03f1fb847bf8e9a94b7fca5c, type: 3}
      propertyPath: m_LocalRotation.w
      value: 0.5177528
      objectReference: {fileID: 0}
    - target: {fileID: 400000, guid: 55e525ee03f1fb847bf8e9a94b7fca5c, type: 3}
      propertyPath: m_RootOrder
      value: 24
      objectReference: {fileID: 0}
    - target: {fileID: 100000, guid: 55e525ee03f1fb847bf8e9a94b7fca5c, type: 3}
      propertyPath: m_Name
      value: arbol (2)
      objectReference: {fileID: 0}
    - target: {fileID: 2300000, guid: 55e525ee03f1fb847bf8e9a94b7fca5c, type: 3}
      propertyPath: m_Materials.Array.data[0]
      value: 
      objectReference: {fileID: 2100000, guid: 9475e2992a95fc646bd6f865741298ae, type: 2}
    - target: {fileID: 400000, guid: 55e525ee03f1fb847bf8e9a94b7fca5c, type: 3}
      propertyPath: m_LocalScale.x
      value: 0.4
      objectReference: {fileID: 0}
    - target: {fileID: 400000, guid: 55e525ee03f1fb847bf8e9a94b7fca5c, type: 3}
      propertyPath: m_LocalScale.y
      value: 0.4
      objectReference: {fileID: 0}
    - target: {fileID: 400000, guid: 55e525ee03f1fb847bf8e9a94b7fca5c, type: 3}
      propertyPath: m_LocalScale.z
      value: 0.4
      objectReference: {fileID: 0}
    m_RemovedComponents: []
  m_ParentPrefab: {fileID: 100100000, guid: 55e525ee03f1fb847bf8e9a94b7fca5c, type: 3}
  m_IsPrefabParent: 0
--- !u!1001 &1276725059
Prefab:
  m_ObjectHideFlags: 0
  serializedVersion: 2
  m_Modification:
    m_TransformParent: {fileID: 0}
    m_Modifications:
    - target: {fileID: 400000, guid: 55e525ee03f1fb847bf8e9a94b7fca5c, type: 3}
      propertyPath: m_LocalPosition.x
      value: 3.1
      objectReference: {fileID: 0}
    - target: {fileID: 400000, guid: 55e525ee03f1fb847bf8e9a94b7fca5c, type: 3}
      propertyPath: m_LocalPosition.y
      value: -9.15
      objectReference: {fileID: 0}
    - target: {fileID: 400000, guid: 55e525ee03f1fb847bf8e9a94b7fca5c, type: 3}
      propertyPath: m_LocalPosition.z
      value: 11.39
      objectReference: {fileID: 0}
    - target: {fileID: 400000, guid: 55e525ee03f1fb847bf8e9a94b7fca5c, type: 3}
      propertyPath: m_LocalRotation.x
      value: 0.06950224
      objectReference: {fileID: 0}
    - target: {fileID: 400000, guid: 55e525ee03f1fb847bf8e9a94b7fca5c, type: 3}
      propertyPath: m_LocalRotation.y
      value: 0.40155205
      objectReference: {fileID: 0}
    - target: {fileID: 400000, guid: 55e525ee03f1fb847bf8e9a94b7fca5c, type: 3}
      propertyPath: m_LocalRotation.z
      value: -0.78235084
      objectReference: {fileID: 0}
    - target: {fileID: 400000, guid: 55e525ee03f1fb847bf8e9a94b7fca5c, type: 3}
      propertyPath: m_LocalRotation.w
      value: 0.47101226
      objectReference: {fileID: 0}
    - target: {fileID: 400000, guid: 55e525ee03f1fb847bf8e9a94b7fca5c, type: 3}
      propertyPath: m_RootOrder
      value: 15
      objectReference: {fileID: 0}
    - target: {fileID: 100000, guid: 55e525ee03f1fb847bf8e9a94b7fca5c, type: 3}
      propertyPath: m_Name
      value: arbol (7)
      objectReference: {fileID: 0}
    - target: {fileID: 400000, guid: 55e525ee03f1fb847bf8e9a94b7fca5c, type: 3}
      propertyPath: m_LocalScale.x
      value: 0.2
      objectReference: {fileID: 0}
    - target: {fileID: 400000, guid: 55e525ee03f1fb847bf8e9a94b7fca5c, type: 3}
      propertyPath: m_LocalScale.y
      value: 0.2
      objectReference: {fileID: 0}
    - target: {fileID: 400000, guid: 55e525ee03f1fb847bf8e9a94b7fca5c, type: 3}
      propertyPath: m_LocalScale.z
      value: 0.2
      objectReference: {fileID: 0}
    - target: {fileID: 2300000, guid: 55e525ee03f1fb847bf8e9a94b7fca5c, type: 3}
      propertyPath: m_Materials.Array.data[0]
      value: 
      objectReference: {fileID: 2100000, guid: 8ec96ab61a9761042a1b27d5aa8cfe30, type: 2}
    m_RemovedComponents: []
  m_ParentPrefab: {fileID: 100100000, guid: 55e525ee03f1fb847bf8e9a94b7fca5c, type: 3}
  m_IsPrefabParent: 0
--- !u!1 &1411792512
GameObject:
  m_ObjectHideFlags: 0
  m_PrefabParentObject: {fileID: 0}
  m_PrefabInternal: {fileID: 0}
  serializedVersion: 4
  m_Component:
  - 4: {fileID: 1411792513}
  m_Layer: 0
  m_Name: epssacio
  m_TagString: Untagged
  m_Icon: {fileID: 0}
  m_NavMeshLayer: 0
  m_StaticEditorFlags: 0
  m_IsActive: 1
--- !u!4 &1411792513
Transform:
  m_ObjectHideFlags: 0
  m_PrefabParentObject: {fileID: 0}
  m_PrefabInternal: {fileID: 0}
  m_GameObject: {fileID: 1411792512}
  m_LocalRotation: {x: 0, y: 0, z: 0, w: 1}
  m_LocalPosition: {x: 0, y: 0, z: 0}
  m_LocalScale: {x: 30, y: 30, z: 30}
  m_Children: []
  m_Father: {fileID: 0}
  m_RootOrder: 9
--- !u!1001 &1507510964
Prefab:
  m_ObjectHideFlags: 0
  serializedVersion: 2
  m_Modification:
    m_TransformParent: {fileID: 0}
    m_Modifications:
    - target: {fileID: 480378, guid: 1bebdc24b62be4f49813c3c064a939a3, type: 2}
      propertyPath: m_LocalPosition.x
      value: -15.1
      objectReference: {fileID: 0}
    - target: {fileID: 480378, guid: 1bebdc24b62be4f49813c3c064a939a3, type: 2}
      propertyPath: m_LocalPosition.y
      value: 1.8
      objectReference: {fileID: 0}
    - target: {fileID: 480378, guid: 1bebdc24b62be4f49813c3c064a939a3, type: 2}
      propertyPath: m_LocalPosition.z
      value: -6.7
      objectReference: {fileID: 0}
    - target: {fileID: 480378, guid: 1bebdc24b62be4f49813c3c064a939a3, type: 2}
      propertyPath: m_LocalRotation.x
      value: 0
      objectReference: {fileID: 0}
    - target: {fileID: 480378, guid: 1bebdc24b62be4f49813c3c064a939a3, type: 2}
      propertyPath: m_LocalRotation.y
      value: 0
      objectReference: {fileID: 0}
    - target: {fileID: 480378, guid: 1bebdc24b62be4f49813c3c064a939a3, type: 2}
      propertyPath: m_LocalRotation.z
      value: 0
      objectReference: {fileID: 0}
    - target: {fileID: 480378, guid: 1bebdc24b62be4f49813c3c064a939a3, type: 2}
      propertyPath: m_LocalRotation.w
      value: 1
      objectReference: {fileID: 0}
    - target: {fileID: 480378, guid: 1bebdc24b62be4f49813c3c064a939a3, type: 2}
      propertyPath: m_RootOrder
      value: 1
      objectReference: {fileID: 0}
    - target: {fileID: 11439416, guid: 1bebdc24b62be4f49813c3c064a939a3, type: 2}
      propertyPath: range
      value: 8
      objectReference: {fileID: 0}
    - target: {fileID: 11439416, guid: 1bebdc24b62be4f49813c3c064a939a3, type: 2}
      propertyPath: planet
      value: 
      objectReference: {fileID: 1839530038}
    - target: {fileID: 11439416, guid: 1bebdc24b62be4f49813c3c064a939a3, type: 2}
      propertyPath: faction
      value: 
      objectReference: {fileID: 161544, guid: 1ecdc5a238116fb47b3aab1989cbf28f, type: 2}
    - target: {fileID: 11439416, guid: 1bebdc24b62be4f49813c3c064a939a3, type: 2}
      propertyPath: isFlatWorld
      value: 0
      objectReference: {fileID: 0}
    - target: {fileID: 11439416, guid: 1bebdc24b62be4f49813c3c064a939a3, type: 2}
      propertyPath: amount
      value: 24
      objectReference: {fileID: 0}
    m_RemovedComponents: []
  m_ParentPrefab: {fileID: 100100000, guid: 1bebdc24b62be4f49813c3c064a939a3, type: 2}
  m_IsPrefabParent: 0
--- !u!1001 &1515450679
Prefab:
  m_ObjectHideFlags: 0
  serializedVersion: 2
  m_Modification:
    m_TransformParent: {fileID: 0}
    m_Modifications:
    - target: {fileID: 479356, guid: 3de79f10c1f14e34a81b8738e4672b71, type: 2}
      propertyPath: m_LocalPosition.x
      value: 9.577422
      objectReference: {fileID: 0}
    - target: {fileID: 479356, guid: 3de79f10c1f14e34a81b8738e4672b71, type: 2}
      propertyPath: m_LocalPosition.y
      value: 14.67
      objectReference: {fileID: 0}
    - target: {fileID: 479356, guid: 3de79f10c1f14e34a81b8738e4672b71, type: 2}
      propertyPath: m_LocalPosition.z
      value: 7.83
      objectReference: {fileID: 0}
    - target: {fileID: 479356, guid: 3de79f10c1f14e34a81b8738e4672b71, type: 2}
      propertyPath: m_LocalRotation.x
      value: 0
      objectReference: {fileID: 0}
    - target: {fileID: 479356, guid: 3de79f10c1f14e34a81b8738e4672b71, type: 2}
      propertyPath: m_LocalRotation.y
      value: 0
      objectReference: {fileID: 0}
    - target: {fileID: 479356, guid: 3de79f10c1f14e34a81b8738e4672b71, type: 2}
      propertyPath: m_LocalRotation.z
      value: 0
      objectReference: {fileID: 0}
    - target: {fileID: 479356, guid: 3de79f10c1f14e34a81b8738e4672b71, type: 2}
      propertyPath: m_LocalRotation.w
      value: 1
      objectReference: {fileID: 0}
    - target: {fileID: 479356, guid: 3de79f10c1f14e34a81b8738e4672b71, type: 2}
      propertyPath: m_RootOrder
      value: 2
      objectReference: {fileID: 0}
    - target: {fileID: 11443558, guid: 3de79f10c1f14e34a81b8738e4672b71, type: 2}
      propertyPath: isFlatWorld
      value: 0
      objectReference: {fileID: 0}
    - target: {fileID: 11443558, guid: 3de79f10c1f14e34a81b8738e4672b71, type: 2}
      propertyPath: planet
      value: 
      objectReference: {fileID: 1839530038}
    - target: {fileID: 11443558, guid: 3de79f10c1f14e34a81b8738e4672b71, type: 2}
      propertyPath: faction
      value: 
      objectReference: {fileID: 196506, guid: 78a0bd97c1512564fa4f964e5c26be68, type: 2}
    - target: {fileID: 11443558, guid: 3de79f10c1f14e34a81b8738e4672b71, type: 2}
      propertyPath: range
      value: 11
      objectReference: {fileID: 0}
    - target: {fileID: 11443558, guid: 3de79f10c1f14e34a81b8738e4672b71, type: 2}
      propertyPath: amount
      value: 40
      objectReference: {fileID: 0}
    m_RemovedComponents: []
  m_ParentPrefab: {fileID: 100100000, guid: 3de79f10c1f14e34a81b8738e4672b71, type: 2}
  m_IsPrefabParent: 0
--- !u!1 &1549144005
GameObject:
  m_ObjectHideFlags: 0
  m_PrefabParentObject: {fileID: 0}
  m_PrefabInternal: {fileID: 0}
  serializedVersion: 4
  m_Component:
  - 4: {fileID: 1549144010}
  - 20: {fileID: 1549144009}
  - 92: {fileID: 1549144008}
  - 124: {fileID: 1549144007}
  - 82: {fileID: 1549144006}
  m_Layer: 0
  m_Name: secon_camera
  m_TagString: Untagged
  m_Icon: {fileID: 0}
  m_NavMeshLayer: 0
  m_StaticEditorFlags: 0
  m_IsActive: 1
--- !u!82 &1549144006
AudioSource:
  m_ObjectHideFlags: 0
  m_PrefabParentObject: {fileID: 0}
  m_PrefabInternal: {fileID: 0}
  m_GameObject: {fileID: 1549144005}
  m_Enabled: 1
  serializedVersion: 4
  OutputAudioMixerGroup: {fileID: 0}
  m_audioClip: {fileID: 8300000, guid: 3202abf4a3476a548b2ae100c0a699cb, type: 3}
  m_PlayOnAwake: 0
  m_Volume: 1
  m_Pitch: 1
  Loop: 0
  Mute: 0
  Spatialize: 0
  Priority: 128
  DopplerLevel: 1
  MinDistance: 1
  MaxDistance: 500
  Pan2D: 0
  rolloffMode: 0
  BypassEffects: 0
  BypassListenerEffects: 0
  BypassReverbZones: 0
  rolloffCustomCurve:
    serializedVersion: 2
    m_Curve:
    - time: 0
      value: 1
      inSlope: 0
      outSlope: 0
      tangentMode: 0
    - time: 1
      value: 0
      inSlope: 0
      outSlope: 0
      tangentMode: 0
    m_PreInfinity: 2
    m_PostInfinity: 2
    m_RotationOrder: 4
  panLevelCustomCurve:
    serializedVersion: 2
    m_Curve:
    - time: 0
      value: 0
      inSlope: 0
      outSlope: 0
      tangentMode: 0
    m_PreInfinity: 2
    m_PostInfinity: 2
    m_RotationOrder: 0
  spreadCustomCurve:
    serializedVersion: 2
    m_Curve:
    - time: 0
      value: 0
      inSlope: 0
      outSlope: 0
      tangentMode: 0
    m_PreInfinity: 2
    m_PostInfinity: 2
    m_RotationOrder: 0
  reverbZoneMixCustomCurve:
    serializedVersion: 2
    m_Curve:
    - time: 0
      value: 1
      inSlope: 0
      outSlope: 0
      tangentMode: 0
    m_PreInfinity: 2
    m_PostInfinity: 2
    m_RotationOrder: 0
--- !u!124 &1549144007
Behaviour:
  m_ObjectHideFlags: 0
  m_PrefabParentObject: {fileID: 0}
  m_PrefabInternal: {fileID: 0}
  m_GameObject: {fileID: 1549144005}
  m_Enabled: 1
--- !u!92 &1549144008
Behaviour:
  m_ObjectHideFlags: 0
  m_PrefabParentObject: {fileID: 0}
  m_PrefabInternal: {fileID: 0}
  m_GameObject: {fileID: 1549144005}
  m_Enabled: 1
--- !u!20 &1549144009
Camera:
  m_ObjectHideFlags: 0
  m_PrefabParentObject: {fileID: 0}
  m_PrefabInternal: {fileID: 0}
  m_GameObject: {fileID: 1549144005}
  m_Enabled: 1
  serializedVersion: 2
  m_ClearFlags: 1
  m_BackGroundColor: {r: 0.19215687, g: 0.3019608, b: 0.4745098, a: 0.019607844}
  m_NormalizedViewPortRect:
    serializedVersion: 2
    x: 0
    y: 0
    width: 0.5
    height: 1
  near clip plane: 0.3
  far clip plane: 1000
  field of view: 60
  orthographic: 0
  orthographic size: 5
  m_Depth: -1
  m_CullingMask:
    serializedVersion: 2
    m_Bits: 4294967295
  m_RenderingPath: -1
  m_TargetTexture: {fileID: 0}
  m_TargetDisplay: 0
  m_TargetEye: 3
  m_HDR: 0
  m_OcclusionCulling: 1
  m_StereoConvergence: 10
  m_StereoSeparation: 0.022
  m_StereoMirrorMode: 0
--- !u!4 &1549144010
Transform:
  m_ObjectHideFlags: 0
  m_PrefabParentObject: {fileID: 0}
  m_PrefabInternal: {fileID: 0}
  m_GameObject: {fileID: 1549144005}
  m_LocalRotation: {x: 0, y: 0, z: 0, w: 1}
  m_LocalPosition: {x: -0.7, y: 0, z: -37.15}
  m_LocalScale: {x: 1, y: 1, z: 1}
  m_Children: []
  m_Father: {fileID: 0}
  m_RootOrder: 8
--- !u!1 &1678406048
GameObject:
  m_ObjectHideFlags: 0
  m_PrefabParentObject: {fileID: 0}
  m_PrefabInternal: {fileID: 0}
  serializedVersion: 4
  m_Component:
  - 4: {fileID: 1678406053}
  - 20: {fileID: 1678406052}
  - 92: {fileID: 1678406051}
  - 124: {fileID: 1678406050}
  - 81: {fileID: 1678406049}
  - 82: {fileID: 1678406054}
  m_Layer: 0
  m_Name: back_camera
  m_TagString: MainCamera
  m_Icon: {fileID: 0}
  m_NavMeshLayer: 0
  m_StaticEditorFlags: 0
  m_IsActive: 1
--- !u!81 &1678406049
AudioListener:
  m_ObjectHideFlags: 0
  m_PrefabParentObject: {fileID: 0}
  m_PrefabInternal: {fileID: 0}
  m_GameObject: {fileID: 1678406048}
  m_Enabled: 1
--- !u!124 &1678406050
Behaviour:
  m_ObjectHideFlags: 0
  m_PrefabParentObject: {fileID: 0}
  m_PrefabInternal: {fileID: 0}
  m_GameObject: {fileID: 1678406048}
  m_Enabled: 1
--- !u!92 &1678406051
Behaviour:
  m_ObjectHideFlags: 0
  m_PrefabParentObject: {fileID: 0}
  m_PrefabInternal: {fileID: 0}
  m_GameObject: {fileID: 1678406048}
  m_Enabled: 1
--- !u!20 &1678406052
Camera:
  m_ObjectHideFlags: 0
  m_PrefabParentObject: {fileID: 0}
  m_PrefabInternal: {fileID: 0}
  m_GameObject: {fileID: 1678406048}
  m_Enabled: 1
  serializedVersion: 2
  m_ClearFlags: 1
  m_BackGroundColor: {r: 0.19215687, g: 0.3019608, b: 0.4745098, a: 0.019607844}
  m_NormalizedViewPortRect:
    serializedVersion: 2
    x: 0.5
    y: 0
    width: 0.5
    height: 1
  near clip plane: 0.3
  far clip plane: 1000
  field of view: 60
  orthographic: 0
  orthographic size: 5
  m_Depth: -1
  m_CullingMask:
    serializedVersion: 2
    m_Bits: 4294967295
  m_RenderingPath: -1
  m_TargetTexture: {fileID: 0}
  m_TargetDisplay: 0
  m_TargetEye: 3
  m_HDR: 0
  m_OcclusionCulling: 1
  m_StereoConvergence: 10
  m_StereoSeparation: 0.022
  m_StereoMirrorMode: 0
--- !u!4 &1678406053
Transform:
  m_ObjectHideFlags: 0
  m_PrefabParentObject: {fileID: 0}
  m_PrefabInternal: {fileID: 0}
  m_GameObject: {fileID: 1678406048}
  m_LocalRotation: {x: 0, y: -0.99476373, z: 0, w: -0.10220151}
  m_LocalPosition: {x: -8.2, y: 0, z: 37}
  m_LocalScale: {x: 1, y: 1, z: 1}
  m_Children:
  - {fileID: 753213559}
  m_Father: {fileID: 0}
  m_RootOrder: 7
--- !u!82 &1678406054
AudioSource:
  m_ObjectHideFlags: 0
  m_PrefabParentObject: {fileID: 0}
  m_PrefabInternal: {fileID: 0}
  m_GameObject: {fileID: 1678406048}
  m_Enabled: 1
  serializedVersion: 4
  OutputAudioMixerGroup: {fileID: 0}
  m_audioClip: {fileID: 8300000, guid: 3202abf4a3476a548b2ae100c0a699cb, type: 3}
  m_PlayOnAwake: 0
  m_Volume: 1
  m_Pitch: 1
  Loop: 0
  Mute: 0
  Spatialize: 0
  Priority: 128
  DopplerLevel: 1
  MinDistance: 1
  MaxDistance: 500
  Pan2D: 0
  rolloffMode: 0
  BypassEffects: 0
  BypassListenerEffects: 0
  BypassReverbZones: 0
  rolloffCustomCurve:
    serializedVersion: 2
    m_Curve:
    - time: 0
      value: 1
      inSlope: 0
      outSlope: 0
      tangentMode: 0
    - time: 1
      value: 0
      inSlope: 0
      outSlope: 0
      tangentMode: 0
    m_PreInfinity: 2
    m_PostInfinity: 2
    m_RotationOrder: 4
  panLevelCustomCurve:
    serializedVersion: 2
    m_Curve:
    - time: 0
      value: 0
      inSlope: 0
      outSlope: 0
      tangentMode: 0
    m_PreInfinity: 2
    m_PostInfinity: 2
    m_RotationOrder: 0
  spreadCustomCurve:
    serializedVersion: 2
    m_Curve:
    - time: 0
      value: 0
      inSlope: 0
      outSlope: 0
      tangentMode: 0
    m_PreInfinity: 2
    m_PostInfinity: 2
    m_RotationOrder: 0
  reverbZoneMixCustomCurve:
    serializedVersion: 2
    m_Curve:
    - time: 0
      value: 1
      inSlope: 0
      outSlope: 0
      tangentMode: 0
    m_PreInfinity: 2
    m_PostInfinity: 2
    m_RotationOrder: 0
--- !u!1001 &1712011874
Prefab:
  m_ObjectHideFlags: 0
  serializedVersion: 2
  m_Modification:
    m_TransformParent: {fileID: 0}
    m_Modifications:
    - target: {fileID: 400000, guid: 55e525ee03f1fb847bf8e9a94b7fca5c, type: 3}
      propertyPath: m_LocalPosition.x
      value: 11.525968
      objectReference: {fileID: 0}
    - target: {fileID: 400000, guid: 55e525ee03f1fb847bf8e9a94b7fca5c, type: 3}
      propertyPath: m_LocalPosition.y
      value: 9.484158
      objectReference: {fileID: 0}
    - target: {fileID: 400000, guid: 55e525ee03f1fb847bf8e9a94b7fca5c, type: 3}
      propertyPath: m_LocalPosition.z
      value: -2.6808722
      objectReference: {fileID: 0}
    - target: {fileID: 400000, guid: 55e525ee03f1fb847bf8e9a94b7fca5c, type: 3}
      propertyPath: m_LocalRotation.x
      value: -0.80135596
      objectReference: {fileID: 0}
    - target: {fileID: 400000, guid: 55e525ee03f1fb847bf8e9a94b7fca5c, type: 3}
      propertyPath: m_LocalRotation.y
      value: 0.22746089
      objectReference: {fileID: 0}
    - target: {fileID: 400000, guid: 55e525ee03f1fb847bf8e9a94b7fca5c, type: 3}
      propertyPath: m_LocalRotation.z
      value: -0.36275864
      objectReference: {fileID: 0}
    - target: {fileID: 400000, guid: 55e525ee03f1fb847bf8e9a94b7fca5c, type: 3}
      propertyPath: m_LocalRotation.w
      value: 0.41772777
      objectReference: {fileID: 0}
    - target: {fileID: 400000, guid: 55e525ee03f1fb847bf8e9a94b7fca5c, type: 3}
      propertyPath: m_RootOrder
      value: 22
      objectReference: {fileID: 0}
    - target: {fileID: 100000, guid: 55e525ee03f1fb847bf8e9a94b7fca5c, type: 3}
      propertyPath: m_Name
      value: arbol (1)
      objectReference: {fileID: 0}
    - target: {fileID: 400000, guid: 55e525ee03f1fb847bf8e9a94b7fca5c, type: 3}
      propertyPath: m_LocalScale.x
      value: 0.5
      objectReference: {fileID: 0}
    - target: {fileID: 400000, guid: 55e525ee03f1fb847bf8e9a94b7fca5c, type: 3}
      propertyPath: m_LocalScale.y
      value: 0.5
      objectReference: {fileID: 0}
    - target: {fileID: 400000, guid: 55e525ee03f1fb847bf8e9a94b7fca5c, type: 3}
      propertyPath: m_LocalScale.z
      value: 0.5
      objectReference: {fileID: 0}
    - target: {fileID: 2300000, guid: 55e525ee03f1fb847bf8e9a94b7fca5c, type: 3}
      propertyPath: m_Materials.Array.data[0]
      value: 
      objectReference: {fileID: 2100000, guid: 78854cff64dd90a438727233d1d9ab30, type: 2}
    m_RemovedComponents: []
  m_ParentPrefab: {fileID: 100100000, guid: 55e525ee03f1fb847bf8e9a94b7fca5c, type: 3}
  m_IsPrefabParent: 0
--- !u!1001 &1747918325
Prefab:
  m_ObjectHideFlags: 0
  serializedVersion: 2
  m_Modification:
    m_TransformParent: {fileID: 0}
    m_Modifications:
    - target: {fileID: 414258, guid: 0962fa3929fca1b4eaab303f478c24cd, type: 2}
      propertyPath: m_LocalPosition.x
      value: 6.8
      objectReference: {fileID: 0}
    - target: {fileID: 414258, guid: 0962fa3929fca1b4eaab303f478c24cd, type: 2}
      propertyPath: m_LocalPosition.y
      value: -6.2
      objectReference: {fileID: 0}
    - target: {fileID: 414258, guid: 0962fa3929fca1b4eaab303f478c24cd, type: 2}
      propertyPath: m_LocalPosition.z
      value: -14.2
      objectReference: {fileID: 0}
    - target: {fileID: 414258, guid: 0962fa3929fca1b4eaab303f478c24cd, type: 2}
      propertyPath: m_LocalRotation.x
      value: 0
      objectReference: {fileID: 0}
    - target: {fileID: 414258, guid: 0962fa3929fca1b4eaab303f478c24cd, type: 2}
      propertyPath: m_LocalRotation.y
      value: 0
      objectReference: {fileID: 0}
    - target: {fileID: 414258, guid: 0962fa3929fca1b4eaab303f478c24cd, type: 2}
      propertyPath: m_LocalRotation.z
      value: 0
      objectReference: {fileID: 0}
    - target: {fileID: 414258, guid: 0962fa3929fca1b4eaab303f478c24cd, type: 2}
      propertyPath: m_LocalRotation.w
      value: 1
      objectReference: {fileID: 0}
    - target: {fileID: 414258, guid: 0962fa3929fca1b4eaab303f478c24cd, type: 2}
      propertyPath: m_RootOrder
      value: 1
      objectReference: {fileID: 0}
    - target: {fileID: 11434938, guid: 0962fa3929fca1b4eaab303f478c24cd, type: 2}
      propertyPath: planet
      value: 
      objectReference: {fileID: 1839530038}
    - target: {fileID: 11434938, guid: 0962fa3929fca1b4eaab303f478c24cd, type: 2}
      propertyPath: isFlatWorld
      value: 0
      objectReference: {fileID: 0}
    - target: {fileID: 11434938, guid: 0962fa3929fca1b4eaab303f478c24cd, type: 2}
      propertyPath: faction
      value: 
      objectReference: {fileID: 195266, guid: 973b29ff47acd7043a6200617ee00607, type: 2}
    - target: {fileID: 11434938, guid: 0962fa3929fca1b4eaab303f478c24cd, type: 2}
      propertyPath: amount
      value: 35
      objectReference: {fileID: 0}
    m_RemovedComponents: []
  m_ParentPrefab: {fileID: 100100000, guid: 0962fa3929fca1b4eaab303f478c24cd, type: 2}
  m_IsPrefabParent: 0
--- !u!1001 &1785558165
Prefab:
  m_ObjectHideFlags: 0
  serializedVersion: 2
  m_Modification:
    m_TransformParent: {fileID: 0}
    m_Modifications:
    - target: {fileID: 400000, guid: 55e525ee03f1fb847bf8e9a94b7fca5c, type: 3}
      propertyPath: m_LocalPosition.x
      value: 6.18
      objectReference: {fileID: 0}
    - target: {fileID: 400000, guid: 55e525ee03f1fb847bf8e9a94b7fca5c, type: 3}
      propertyPath: m_LocalPosition.y
      value: -10.03
      objectReference: {fileID: 0}
    - target: {fileID: 400000, guid: 55e525ee03f1fb847bf8e9a94b7fca5c, type: 3}
      propertyPath: m_LocalPosition.z
      value: 7.84
      objectReference: {fileID: 0}
    - target: {fileID: 400000, guid: 55e525ee03f1fb847bf8e9a94b7fca5c, type: 3}
      propertyPath: m_LocalRotation.x
      value: 0.52117056
      objectReference: {fileID: 0}
    - target: {fileID: 400000, guid: 55e525ee03f1fb847bf8e9a94b7fca5c, type: 3}
      propertyPath: m_LocalRotation.y
      value: 0.024810208
      objectReference: {fileID: 0}
    - target: {fileID: 400000, guid: 55e525ee03f1fb847bf8e9a94b7fca5c, type: 3}
      propertyPath: m_LocalRotation.z
      value: 0.61285913
      objectReference: {fileID: 0}
    - target: {fileID: 400000, guid: 55e525ee03f1fb847bf8e9a94b7fca5c, type: 3}
      propertyPath: m_LocalRotation.w
      value: 0.5934387
      objectReference: {fileID: 0}
    - target: {fileID: 400000, guid: 55e525ee03f1fb847bf8e9a94b7fca5c, type: 3}
      propertyPath: m_RootOrder
      value: 16
      objectReference: {fileID: 0}
    - target: {fileID: 100000, guid: 55e525ee03f1fb847bf8e9a94b7fca5c, type: 3}
      propertyPath: m_Name
      value: arbol (6)
      objectReference: {fileID: 0}
    - target: {fileID: 2300000, guid: 55e525ee03f1fb847bf8e9a94b7fca5c, type: 3}
      propertyPath: m_Materials.Array.data[0]
      value: 
      objectReference: {fileID: 2100000, guid: 058ced394ee505c49b346dbde94b9b84, type: 2}
    m_RemovedComponents: []
  m_ParentPrefab: {fileID: 100100000, guid: 55e525ee03f1fb847bf8e9a94b7fca5c, type: 3}
  m_IsPrefabParent: 0
--- !u!1001 &1788140110
Prefab:
  m_ObjectHideFlags: 0
  serializedVersion: 2
  m_Modification:
    m_TransformParent: {fileID: 0}
    m_Modifications:
    - target: {fileID: 400000, guid: 55e525ee03f1fb847bf8e9a94b7fca5c, type: 3}
      propertyPath: m_LocalPosition.x
      value: 2.524314
      objectReference: {fileID: 0}
    - target: {fileID: 400000, guid: 55e525ee03f1fb847bf8e9a94b7fca5c, type: 3}
      propertyPath: m_LocalPosition.y
      value: 12.5
      objectReference: {fileID: 0}
    - target: {fileID: 400000, guid: 55e525ee03f1fb847bf8e9a94b7fca5c, type: 3}
      propertyPath: m_LocalPosition.z
      value: -7.379808
      objectReference: {fileID: 0}
    - target: {fileID: 400000, guid: 55e525ee03f1fb847bf8e9a94b7fca5c, type: 3}
      propertyPath: m_LocalRotation.x
      value: 0.34205937
      objectReference: {fileID: 0}
    - target: {fileID: 400000, guid: 55e525ee03f1fb847bf8e9a94b7fca5c, type: 3}
      propertyPath: m_LocalRotation.y
      value: 0.77684563
      objectReference: {fileID: 0}
    - target: {fileID: 400000, guid: 55e525ee03f1fb847bf8e9a94b7fca5c, type: 3}
      propertyPath: m_LocalRotation.z
      value: 0.52774453
      objectReference: {fileID: 0}
    - target: {fileID: 400000, guid: 55e525ee03f1fb847bf8e9a94b7fca5c, type: 3}
      propertyPath: m_LocalRotation.w
      value: -0.031497266
      objectReference: {fileID: 0}
    - target: {fileID: 400000, guid: 55e525ee03f1fb847bf8e9a94b7fca5c, type: 3}
      propertyPath: m_RootOrder
      value: 14
      objectReference: {fileID: 0}
    - target: {fileID: 400000, guid: 55e525ee03f1fb847bf8e9a94b7fca5c, type: 3}
      propertyPath: m_LocalScale.x
      value: 0.48976535
      objectReference: {fileID: 0}
    - target: {fileID: 400000, guid: 55e525ee03f1fb847bf8e9a94b7fca5c, type: 3}
      propertyPath: m_LocalScale.y
      value: 0.48976532
      objectReference: {fileID: 0}
    - target: {fileID: 400000, guid: 55e525ee03f1fb847bf8e9a94b7fca5c, type: 3}
      propertyPath: m_LocalScale.z
      value: 0.48976532
      objectReference: {fileID: 0}
    - target: {fileID: 2300000, guid: 55e525ee03f1fb847bf8e9a94b7fca5c, type: 3}
      propertyPath: m_Materials.Array.data[0]
      value: 
      objectReference: {fileID: 2100000, guid: 5c56e31babf43ce4baed787bd000bcfe, type: 2}
    m_RemovedComponents: []
  m_ParentPrefab: {fileID: 100100000, guid: 55e525ee03f1fb847bf8e9a94b7fca5c, type: 3}
  m_IsPrefabParent: 0
--- !u!1 &1839530034
GameObject:
  m_ObjectHideFlags: 0
  m_PrefabParentObject: {fileID: 0}
  m_PrefabInternal: {fileID: 0}
  serializedVersion: 4
  m_Component:
  - 4: {fileID: 1839530038}
  - 33: {fileID: 1839530037}
  - 135: {fileID: 1839530036}
  - 23: {fileID: 1839530035}
  - 114: {fileID: 1839530039}
  m_Layer: 0
  m_Name: Planet
  m_TagString: Floor
  m_Icon: {fileID: 0}
  m_NavMeshLayer: 0
  m_StaticEditorFlags: 0
  m_IsActive: 1
--- !u!23 &1839530035
MeshRenderer:
  m_ObjectHideFlags: 0
  m_PrefabParentObject: {fileID: 0}
  m_PrefabInternal: {fileID: 0}
  m_GameObject: {fileID: 1839530034}
  m_Enabled: 1
  m_CastShadows: 1
  m_ReceiveShadows: 1
  m_Materials:
  - {fileID: 2100000, guid: 53769e507e079de46a1e08714fc51981, type: 2}
  m_SubsetIndices: 
  m_StaticBatchRoot: {fileID: 0}
  m_UseLightProbes: 1
  m_ReflectionProbeUsage: 1
  m_ProbeAnchor: {fileID: 1839530038}
  m_ScaleInLightmap: 1
  m_PreserveUVs: 1
  m_IgnoreNormalsForChartDetection: 0
  m_ImportantGI: 0
  m_MinimumChartSize: 4
  m_AutoUVMaxDistance: 0.5
  m_AutoUVMaxAngle: 89
  m_LightmapParameters: {fileID: 0}
  m_SortingLayerID: 0
  m_SortingOrder: 0
--- !u!135 &1839530036
SphereCollider:
  m_ObjectHideFlags: 0
  m_PrefabParentObject: {fileID: 0}
  m_PrefabInternal: {fileID: 0}
  m_GameObject: {fileID: 1839530034}
  m_Material: {fileID: 0}
  m_IsTrigger: 1
  m_Enabled: 1
  serializedVersion: 2
  m_Radius: 0.5
  m_Center: {x: 0, y: 0, z: 0}
--- !u!33 &1839530037
MeshFilter:
  m_ObjectHideFlags: 0
  m_PrefabParentObject: {fileID: 0}
  m_PrefabInternal: {fileID: 0}
  m_GameObject: {fileID: 1839530034}
  m_Mesh: {fileID: 10207, guid: 0000000000000000e000000000000000, type: 0}
--- !u!4 &1839530038
Transform:
  m_ObjectHideFlags: 0
  m_PrefabParentObject: {fileID: 0}
  m_PrefabInternal: {fileID: 0}
  m_GameObject: {fileID: 1839530034}
  m_LocalRotation: {x: 0, y: 0, z: 0, w: 1}
  m_LocalPosition: {x: 0, y: 0, z: 0}
  m_LocalScale: {x: 30, y: 30, z: 30}
  m_Children: []
  m_Father: {fileID: 0}
  m_RootOrder: 4
--- !u!114 &1839530039
MonoBehaviour:
  m_ObjectHideFlags: 0
  m_PrefabParentObject: {fileID: 0}
  m_PrefabInternal: {fileID: 0}
  m_GameObject: {fileID: 1839530034}
  m_Enabled: 0
  m_EditorHideFlags: 0
  m_Script: {fileID: 11500000, guid: 68e3f372016dd90478098e493ff9ffe9, type: 3}
  m_Name: 
  m_EditorClassIdentifier: 
--- !u!1001 &2051198543
Prefab:
  m_ObjectHideFlags: 0
  serializedVersion: 2
  m_Modification:
    m_TransformParent: {fileID: 0}
    m_Modifications:
    - target: {fileID: 464360, guid: 6f77747e13d0746ccabc66baea61f132, type: 2}
      propertyPath: m_LocalPosition.x
      value: 1.8372176
      objectReference: {fileID: 0}
    - target: {fileID: 464360, guid: 6f77747e13d0746ccabc66baea61f132, type: 2}
      propertyPath: m_LocalPosition.y
      value: -4.0515127
      objectReference: {fileID: 0}
    - target: {fileID: 464360, guid: 6f77747e13d0746ccabc66baea61f132, type: 2}
      propertyPath: m_LocalPosition.z
      value: -1.3198516
      objectReference: {fileID: 0}
    - target: {fileID: 464360, guid: 6f77747e13d0746ccabc66baea61f132, type: 2}
      propertyPath: m_LocalRotation.x
      value: 0
      objectReference: {fileID: 0}
    - target: {fileID: 464360, guid: 6f77747e13d0746ccabc66baea61f132, type: 2}
      propertyPath: m_LocalRotation.y
      value: 0
      objectReference: {fileID: 0}
    - target: {fileID: 464360, guid: 6f77747e13d0746ccabc66baea61f132, type: 2}
      propertyPath: m_LocalRotation.z
      value: 0
      objectReference: {fileID: 0}
    - target: {fileID: 464360, guid: 6f77747e13d0746ccabc66baea61f132, type: 2}
      propertyPath: m_LocalRotation.w
      value: 1
      objectReference: {fileID: 0}
    - target: {fileID: 464360, guid: 6f77747e13d0746ccabc66baea61f132, type: 2}
      propertyPath: m_RootOrder
      value: 11
      objectReference: {fileID: 0}
    - target: {fileID: 11422246, guid: 6f77747e13d0746ccabc66baea61f132, type: 2}
      propertyPath: timeToSurvive
      value: 40
      objectReference: {fileID: 0}
    - target: {fileID: 11422246, guid: 6f77747e13d0746ccabc66baea61f132, type: 2}
      propertyPath: lives
      value: 30
      objectReference: {fileID: 0}
    - target: {fileID: 11422246, guid: 6f77747e13d0746ccabc66baea61f132, type: 2}
      propertyPath: agentSpeed
      value: 1.6
      objectReference: {fileID: 0}
    - target: {fileID: 11422246, guid: 6f77747e13d0746ccabc66baea61f132, type: 2}
      propertyPath: startDelay
      value: 0
      objectReference: {fileID: 0}
    m_RemovedComponents: []
  m_ParentPrefab: {fileID: 100100000, guid: 6f77747e13d0746ccabc66baea61f132, type: 2}
  m_IsPrefabParent: 0
