%YAML 1.1
%TAG !u! tag:unity3d.com,2011:
--- !u!29 &1
SceneSettings:
  m_ObjectHideFlags: 0
  m_PVSData: 
  m_PVSObjectsArray: []
  m_PVSPortalsArray: []
  m_OcclusionBakeSettings:
    smallestOccluder: 5
    smallestHole: 0.25
    backfaceThreshold: 100
--- !u!104 &2
RenderSettings:
  m_ObjectHideFlags: 0
  serializedVersion: 6
  m_Fog: 0
  m_FogColor: {r: 0.5, g: 0.5, b: 0.5, a: 1}
  m_FogMode: 3
  m_FogDensity: 0.01
  m_LinearFogStart: 0
  m_LinearFogEnd: 300
  m_AmbientSkyColor: {r: 0.212, g: 0.227, b: 0.259, a: 1}
  m_AmbientEquatorColor: {r: 0.114, g: 0.125, b: 0.133, a: 1}
  m_AmbientGroundColor: {r: 0.047, g: 0.043, b: 0.035, a: 1}
  m_AmbientIntensity: 1
  m_AmbientMode: 0
  m_SkyboxMaterial: {fileID: 10304, guid: 0000000000000000f000000000000000, type: 0}
  m_HaloStrength: 0.5
  m_FlareStrength: 1
  m_FlareFadeSpeed: 3
  m_HaloTexture: {fileID: 0}
  m_SpotCookie: {fileID: 10001, guid: 0000000000000000e000000000000000, type: 0}
  m_DefaultReflectionMode: 0
  m_DefaultReflectionResolution: 128
  m_ReflectionBounces: 1
  m_ReflectionIntensity: 1
  m_CustomReflection: {fileID: 0}
  m_Sun: {fileID: 0}
--- !u!157 &3
LightmapSettings:
  m_ObjectHideFlags: 0
  serializedVersion: 6
  m_GIWorkflowMode: 0
  m_LightmapsMode: 1
  m_GISettings:
    serializedVersion: 2
    m_BounceScale: 1
    m_IndirectOutputScale: 1
    m_AlbedoBoost: 1
    m_TemporalCoherenceThreshold: 1
    m_EnvironmentLightingMode: 0
    m_EnableBakedLightmaps: 1
    m_EnableRealtimeLightmaps: 1
  m_LightmapEditorSettings:
    serializedVersion: 3
    m_Resolution: 2
    m_BakeResolution: 40
    m_TextureWidth: 1024
    m_TextureHeight: 1024
    m_AOMaxDistance: 1
    m_Padding: 2
    m_CompAOExponent: 0
    m_LightmapParameters: {fileID: 0}
    m_TextureCompression: 1
    m_FinalGather: 0
    m_FinalGatherRayCount: 1024
    m_ReflectionCompression: 2
  m_LightingDataAsset: {fileID: 0}
  m_RuntimeCPUUsage: 25
--- !u!196 &4
NavMeshSettings:
  serializedVersion: 2
  m_ObjectHideFlags: 0
  m_BuildSettings:
    serializedVersion: 2
    agentRadius: 0.5
    agentHeight: 2
    agentSlope: 45
    agentClimb: 0.4
    ledgeDropHeight: 0
    maxJumpAcrossDistance: 0
    accuratePlacement: 0
    minRegionArea: 2
    cellSize: 0.16666667
    manualCellSize: 0
  m_NavMeshData: {fileID: 0}
--- !u!1 &22524028
GameObject:
  m_ObjectHideFlags: 0
  m_PrefabParentObject: {fileID: 0}
  m_PrefabInternal: {fileID: 0}
  serializedVersion: 4
  m_Component:
  - 4: {fileID: 22524029}
  m_Layer: 0
  m_Name: _Environment
  m_TagString: Untagged
  m_Icon: {fileID: 0}
  m_NavMeshLayer: 0
  m_StaticEditorFlags: 0
  m_IsActive: 1
--- !u!4 &22524029
Transform:
  m_ObjectHideFlags: 0
  m_PrefabParentObject: {fileID: 0}
  m_PrefabInternal: {fileID: 0}
  m_GameObject: {fileID: 22524028}
  m_LocalRotation: {x: 0, y: 0, z: 0, w: 1}
  m_LocalPosition: {x: 0, y: 0, z: 0}
  m_LocalScale: {x: 1, y: 1, z: 1}
  m_Children:
  - {fileID: 1174955767}
  - {fileID: 1986524702}
  - {fileID: 924196759}
  - {fileID: 1450657001}
  - {fileID: 379544079}
  - {fileID: 1358039124}
  m_Father: {fileID: 0}
  m_RootOrder: 2
--- !u!1001 &145855691
Prefab:
  m_ObjectHideFlags: 0
  serializedVersion: 2
  m_Modification:
    m_TransformParent: {fileID: 1410464653}
    m_Modifications:
    - target: {fileID: 22407806, guid: 0f115fd9ea55a4682b1e3d4456fa594f, type: 2}
      propertyPath: m_LocalPosition.x
      value: 0
      objectReference: {fileID: 0}
    - target: {fileID: 22407806, guid: 0f115fd9ea55a4682b1e3d4456fa594f, type: 2}
      propertyPath: m_LocalPosition.y
      value: 0
      objectReference: {fileID: 0}
    - target: {fileID: 22407806, guid: 0f115fd9ea55a4682b1e3d4456fa594f, type: 2}
      propertyPath: m_LocalPosition.z
      value: 0
      objectReference: {fileID: 0}
    - target: {fileID: 22407806, guid: 0f115fd9ea55a4682b1e3d4456fa594f, type: 2}
      propertyPath: m_LocalRotation.x
      value: 0
      objectReference: {fileID: 0}
    - target: {fileID: 22407806, guid: 0f115fd9ea55a4682b1e3d4456fa594f, type: 2}
      propertyPath: m_LocalRotation.y
      value: 0
      objectReference: {fileID: 0}
    - target: {fileID: 22407806, guid: 0f115fd9ea55a4682b1e3d4456fa594f, type: 2}
      propertyPath: m_LocalRotation.z
      value: 0
      objectReference: {fileID: 0}
    - target: {fileID: 22407806, guid: 0f115fd9ea55a4682b1e3d4456fa594f, type: 2}
      propertyPath: m_LocalRotation.w
      value: 1
      objectReference: {fileID: 0}
    - target: {fileID: 22407806, guid: 0f115fd9ea55a4682b1e3d4456fa594f, type: 2}
      propertyPath: m_RootOrder
      value: 9
      objectReference: {fileID: 0}
    - target: {fileID: 22407806, guid: 0f115fd9ea55a4682b1e3d4456fa594f, type: 2}
      propertyPath: m_AnchoredPosition.x
      value: -179.8
      objectReference: {fileID: 0}
    - target: {fileID: 22407806, guid: 0f115fd9ea55a4682b1e3d4456fa594f, type: 2}
      propertyPath: m_AnchoredPosition.y
      value: -196.7
      objectReference: {fileID: 0}
    - target: {fileID: 22407806, guid: 0f115fd9ea55a4682b1e3d4456fa594f, type: 2}
      propertyPath: m_SizeDelta.x
      value: 37.005
      objectReference: {fileID: 0}
    - target: {fileID: 22407806, guid: 0f115fd9ea55a4682b1e3d4456fa594f, type: 2}
      propertyPath: m_SizeDelta.y
      value: 38.8
      objectReference: {fileID: 0}
    - target: {fileID: 22407806, guid: 0f115fd9ea55a4682b1e3d4456fa594f, type: 2}
      propertyPath: m_AnchorMin.x
      value: 0.5
      objectReference: {fileID: 0}
    - target: {fileID: 22407806, guid: 0f115fd9ea55a4682b1e3d4456fa594f, type: 2}
      propertyPath: m_AnchorMin.y
      value: 0.5
      objectReference: {fileID: 0}
    - target: {fileID: 22407806, guid: 0f115fd9ea55a4682b1e3d4456fa594f, type: 2}
      propertyPath: m_AnchorMax.x
      value: 0.5
      objectReference: {fileID: 0}
    - target: {fileID: 22407806, guid: 0f115fd9ea55a4682b1e3d4456fa594f, type: 2}
      propertyPath: m_AnchorMax.y
      value: 0.5
      objectReference: {fileID: 0}
    - target: {fileID: 22407806, guid: 0f115fd9ea55a4682b1e3d4456fa594f, type: 2}
      propertyPath: m_Pivot.x
      value: 0.5
      objectReference: {fileID: 0}
    - target: {fileID: 22407806, guid: 0f115fd9ea55a4682b1e3d4456fa594f, type: 2}
      propertyPath: m_Pivot.y
      value: 0.5
      objectReference: {fileID: 0}
    - target: {fileID: 11493314, guid: 0f115fd9ea55a4682b1e3d4456fa594f, type: 2}
      propertyPath: m_Group
      value: 
      objectReference: {fileID: 1812796012}
    - target: {fileID: 11493314, guid: 0f115fd9ea55a4682b1e3d4456fa594f, type: 2}
      propertyPath: onValueChanged.m_PersistentCalls.m_Calls.Array.data[0].m_Arguments.m_IntArgument
      value: 4
      objectReference: {fileID: 0}
    m_RemovedComponents: []
  m_ParentPrefab: {fileID: 100100000, guid: 0f115fd9ea55a4682b1e3d4456fa594f, type: 2}
  m_IsPrefabParent: 0
--- !u!1001 &155863543
Prefab:
  m_ObjectHideFlags: 0
  serializedVersion: 2
  m_Modification:
    m_TransformParent: {fileID: 0}
    m_Modifications:
    - target: {fileID: 414258, guid: 0962fa3929fca1b4eaab303f478c24cd, type: 2}
      propertyPath: m_LocalPosition.x
      value: -3.18
      objectReference: {fileID: 0}
    - target: {fileID: 414258, guid: 0962fa3929fca1b4eaab303f478c24cd, type: 2}
      propertyPath: m_LocalPosition.y
      value: 0.71
      objectReference: {fileID: 0}
    - target: {fileID: 414258, guid: 0962fa3929fca1b4eaab303f478c24cd, type: 2}
      propertyPath: m_LocalPosition.z
      value: 12.29
      objectReference: {fileID: 0}
    - target: {fileID: 414258, guid: 0962fa3929fca1b4eaab303f478c24cd, type: 2}
      propertyPath: m_LocalRotation.x
      value: 0
      objectReference: {fileID: 0}
    - target: {fileID: 414258, guid: 0962fa3929fca1b4eaab303f478c24cd, type: 2}
      propertyPath: m_LocalRotation.y
      value: 0
      objectReference: {fileID: 0}
    - target: {fileID: 414258, guid: 0962fa3929fca1b4eaab303f478c24cd, type: 2}
      propertyPath: m_LocalRotation.z
      value: 0
      objectReference: {fileID: 0}
    - target: {fileID: 414258, guid: 0962fa3929fca1b4eaab303f478c24cd, type: 2}
      propertyPath: m_LocalRotation.w
      value: 1
      objectReference: {fileID: 0}
    - target: {fileID: 414258, guid: 0962fa3929fca1b4eaab303f478c24cd, type: 2}
      propertyPath: m_RootOrder
      value: 3
      objectReference: {fileID: 0}
    - target: {fileID: 11434938, guid: 0962fa3929fca1b4eaab303f478c24cd, type: 2}
      propertyPath: amount
      value: 10
      objectReference: {fileID: 0}
    m_RemovedComponents: []
  m_ParentPrefab: {fileID: 100100000, guid: 0962fa3929fca1b4eaab303f478c24cd, type: 2}
  m_IsPrefabParent: 0
--- !u!224 &178678916 stripped
RectTransform:
  m_PrefabParentObject: {fileID: 22464798, guid: 0428edc95e8e5488b8af8c62d5ad14fe,
    type: 2}
  m_PrefabInternal: {fileID: 1892094840}
--- !u!1 &379544078
GameObject:
  m_ObjectHideFlags: 0
  m_PrefabParentObject: {fileID: 0}
  m_PrefabInternal: {fileID: 0}
  serializedVersion: 4
  m_Component:
  - 4: {fileID: 379544079}
  - 33: {fileID: 379544082}
  - 65: {fileID: 379544081}
  - 23: {fileID: 379544080}
  m_Layer: 0
  m_Name: Wall
  m_TagString: Wall
  m_Icon: {fileID: 0}
  m_NavMeshLayer: 0
  m_StaticEditorFlags: 0
  m_IsActive: 1
--- !u!4 &379544079
Transform:
  m_ObjectHideFlags: 0
  m_PrefabParentObject: {fileID: 0}
  m_PrefabInternal: {fileID: 0}
  m_GameObject: {fileID: 379544078}
  m_LocalRotation: {x: 0, y: 0.7071068, z: 0, w: 0.7071067}
  m_LocalPosition: {x: 0, y: 0, z: -22.03}
  m_LocalScale: {x: 1, y: 1, z: 30}
  m_Children: []
  m_Father: {fileID: 22524029}
  m_RootOrder: 4
--- !u!23 &379544080
MeshRenderer:
  m_ObjectHideFlags: 0
  m_PrefabParentObject: {fileID: 0}
  m_PrefabInternal: {fileID: 0}
  m_GameObject: {fileID: 379544078}
  m_Enabled: 1
  m_CastShadows: 1
  m_ReceiveShadows: 1
  m_Materials:
  - {fileID: 10303, guid: 0000000000000000f000000000000000, type: 0}
  m_SubsetIndices: 
  m_StaticBatchRoot: {fileID: 0}
  m_UseLightProbes: 1
  m_ReflectionProbeUsage: 1
  m_ProbeAnchor: {fileID: 0}
  m_ScaleInLightmap: 1
  m_PreserveUVs: 1
  m_IgnoreNormalsForChartDetection: 0
  m_ImportantGI: 0
  m_MinimumChartSize: 4
  m_AutoUVMaxDistance: 0.5
  m_AutoUVMaxAngle: 89
  m_LightmapParameters: {fileID: 0}
  m_SortingLayerID: 0
  m_SortingOrder: 0
--- !u!65 &379544081
BoxCollider:
  m_ObjectHideFlags: 0
  m_PrefabParentObject: {fileID: 0}
  m_PrefabInternal: {fileID: 0}
  m_GameObject: {fileID: 379544078}
  m_Material: {fileID: 0}
  m_IsTrigger: 0
  m_Enabled: 1
  serializedVersion: 2
  m_Size: {x: 1, y: 1, z: 1}
  m_Center: {x: 0, y: 0, z: 0}
--- !u!33 &379544082
MeshFilter:
  m_ObjectHideFlags: 0
  m_PrefabParentObject: {fileID: 0}
  m_PrefabInternal: {fileID: 0}
  m_GameObject: {fileID: 379544078}
  m_Mesh: {fileID: 10202, guid: 0000000000000000e000000000000000, type: 0}
--- !u!1001 &525322737
Prefab:
  m_ObjectHideFlags: 0
  serializedVersion: 2
  m_Modification:
    m_TransformParent: {fileID: 0}
    m_Modifications:
    - target: {fileID: 475676, guid: e60b66df3cb754227b2e63d7e1e745ac, type: 2}
      propertyPath: m_LocalPosition.x
      value: 0
      objectReference: {fileID: 0}
    - target: {fileID: 475676, guid: e60b66df3cb754227b2e63d7e1e745ac, type: 2}
      propertyPath: m_LocalPosition.y
      value: 0
      objectReference: {fileID: 0}
    - target: {fileID: 475676, guid: e60b66df3cb754227b2e63d7e1e745ac, type: 2}
      propertyPath: m_LocalPosition.z
      value: 0
      objectReference: {fileID: 0}
    - target: {fileID: 475676, guid: e60b66df3cb754227b2e63d7e1e745ac, type: 2}
      propertyPath: m_LocalRotation.x
      value: 0
      objectReference: {fileID: 0}
    - target: {fileID: 475676, guid: e60b66df3cb754227b2e63d7e1e745ac, type: 2}
      propertyPath: m_LocalRotation.y
      value: 0
      objectReference: {fileID: 0}
    - target: {fileID: 475676, guid: e60b66df3cb754227b2e63d7e1e745ac, type: 2}
      propertyPath: m_LocalRotation.z
      value: 0
      objectReference: {fileID: 0}
    - target: {fileID: 475676, guid: e60b66df3cb754227b2e63d7e1e745ac, type: 2}
      propertyPath: m_LocalRotation.w
      value: 1
      objectReference: {fileID: 0}
    - target: {fileID: 475676, guid: e60b66df3cb754227b2e63d7e1e745ac, type: 2}
      propertyPath: m_RootOrder
      value: 11
      objectReference: {fileID: 0}
    - target: {fileID: 11401828, guid: e60b66df3cb754227b2e63d7e1e745ac, type: 2}
      propertyPath: freeze
      value: 10
      objectReference: {fileID: 0}
    - target: {fileID: 11401828, guid: e60b66df3cb754227b2e63d7e1e745ac, type: 2}
      propertyPath: neutralize
      value: 10
      objectReference: {fileID: 0}
    - target: {fileID: 11401828, guid: e60b66df3cb754227b2e63d7e1e745ac, type: 2}
      propertyPath: walls
      value: 4
      objectReference: {fileID: 0}
    - target: {fileID: 11401828, guid: e60b66df3cb754227b2e63d7e1e745ac, type: 2}
      propertyPath: superLove
      value: 1
      objectReference: {fileID: 0}
    m_RemovedComponents: []
  m_ParentPrefab: {fileID: 100100000, guid: e60b66df3cb754227b2e63d7e1e745ac, type: 2}
  m_IsPrefabParent: 0
--- !u!1001 &525549023
Prefab:
  m_ObjectHideFlags: 0
  serializedVersion: 2
  m_Modification:
    m_TransformParent: {fileID: 0}
    m_Modifications:
    - target: {fileID: 479356, guid: 3de79f10c1f14e34a81b8738e4672b71, type: 2}
      propertyPath: m_LocalPosition.x
      value: 9.76
      objectReference: {fileID: 0}
    - target: {fileID: 479356, guid: 3de79f10c1f14e34a81b8738e4672b71, type: 2}
      propertyPath: m_LocalPosition.y
      value: 0.71
      objectReference: {fileID: 0}
    - target: {fileID: 479356, guid: 3de79f10c1f14e34a81b8738e4672b71, type: 2}
      propertyPath: m_LocalPosition.z
      value: -16.8
      objectReference: {fileID: 0}
    - target: {fileID: 479356, guid: 3de79f10c1f14e34a81b8738e4672b71, type: 2}
      propertyPath: m_LocalRotation.x
      value: 0
      objectReference: {fileID: 0}
    - target: {fileID: 479356, guid: 3de79f10c1f14e34a81b8738e4672b71, type: 2}
      propertyPath: m_LocalRotation.y
      value: 0
      objectReference: {fileID: 0}
    - target: {fileID: 479356, guid: 3de79f10c1f14e34a81b8738e4672b71, type: 2}
      propertyPath: m_LocalRotation.z
      value: 0
      objectReference: {fileID: 0}
    - target: {fileID: 479356, guid: 3de79f10c1f14e34a81b8738e4672b71, type: 2}
      propertyPath: m_LocalRotation.w
      value: 1
      objectReference: {fileID: 0}
    - target: {fileID: 479356, guid: 3de79f10c1f14e34a81b8738e4672b71, type: 2}
      propertyPath: m_RootOrder
      value: 4
      objectReference: {fileID: 0}
    - target: {fileID: 11443558, guid: 3de79f10c1f14e34a81b8738e4672b71, type: 2}
      propertyPath: amount
      value: 7
      objectReference: {fileID: 0}
    m_RemovedComponents: []
  m_ParentPrefab: {fileID: 100100000, guid: 3de79f10c1f14e34a81b8738e4672b71, type: 2}
  m_IsPrefabParent: 0
--- !u!1001 &616595452
Prefab:
  m_ObjectHideFlags: 0
  serializedVersion: 2
  m_Modification:
    m_TransformParent: {fileID: 0}
    m_Modifications:
    - target: {fileID: 480378, guid: 1bebdc24b62be4f49813c3c064a939a3, type: 2}
      propertyPath: m_LocalPosition.x
      value: -5.79
      objectReference: {fileID: 0}
    - target: {fileID: 480378, guid: 1bebdc24b62be4f49813c3c064a939a3, type: 2}
      propertyPath: m_LocalPosition.y
      value: 0.71
      objectReference: {fileID: 0}
    - target: {fileID: 480378, guid: 1bebdc24b62be4f49813c3c064a939a3, type: 2}
      propertyPath: m_LocalPosition.z
      value: -11.54
      objectReference: {fileID: 0}
    - target: {fileID: 480378, guid: 1bebdc24b62be4f49813c3c064a939a3, type: 2}
      propertyPath: m_LocalRotation.x
      value: 0
      objectReference: {fileID: 0}
    - target: {fileID: 480378, guid: 1bebdc24b62be4f49813c3c064a939a3, type: 2}
      propertyPath: m_LocalRotation.y
      value: 0
      objectReference: {fileID: 0}
    - target: {fileID: 480378, guid: 1bebdc24b62be4f49813c3c064a939a3, type: 2}
      propertyPath: m_LocalRotation.z
      value: 0
      objectReference: {fileID: 0}
    - target: {fileID: 480378, guid: 1bebdc24b62be4f49813c3c064a939a3, type: 2}
      propertyPath: m_LocalRotation.w
      value: 1
      objectReference: {fileID: 0}
    - target: {fileID: 480378, guid: 1bebdc24b62be4f49813c3c064a939a3, type: 2}
      propertyPath: m_RootOrder
      value: 5
      objectReference: {fileID: 0}
    - target: {fileID: 11439416, guid: 1bebdc24b62be4f49813c3c064a939a3, type: 2}
      propertyPath: amount
      value: 7
      objectReference: {fileID: 0}
    m_RemovedComponents: []
  m_ParentPrefab: {fileID: 100100000, guid: 1bebdc24b62be4f49813c3c064a939a3, type: 2}
  m_IsPrefabParent: 0
--- !u!1 &741801552
GameObject:
  m_ObjectHideFlags: 0
  m_PrefabParentObject: {fileID: 0}
  m_PrefabInternal: {fileID: 0}
  serializedVersion: 4
  m_Component:
  - 4: {fileID: 741801554}
  - 108: {fileID: 741801553}
  m_Layer: 0
  m_Name: Directional Light
  m_TagString: Untagged
  m_Icon: {fileID: 0}
  m_NavMeshLayer: 0
  m_StaticEditorFlags: 0
  m_IsActive: 1
--- !u!108 &741801553
Light:
  m_ObjectHideFlags: 0
  m_PrefabParentObject: {fileID: 0}
  m_PrefabInternal: {fileID: 0}
  m_GameObject: {fileID: 741801552}
  m_Enabled: 1
  serializedVersion: 6
  m_Type: 1
  m_Color: {r: 1, g: 0.95686275, b: 0.8392157, a: 1}
  m_Intensity: 1
  m_Range: 10
  m_SpotAngle: 30
  m_CookieSize: 10
  m_Shadows:
    m_Type: 2
    m_Resolution: -1
    m_Strength: 1
    m_Bias: 0.05
    m_NormalBias: 0.4
    m_NearPlane: 0.2
  m_Cookie: {fileID: 0}
  m_DrawHalo: 0
  m_Flare: {fileID: 0}
  m_RenderMode: 0
  m_CullingMask:
    serializedVersion: 2
    m_Bits: 4294967295
  m_Lightmapping: 4
  m_BounceIntensity: 1
  m_ShadowRadius: 0
  m_ShadowAngle: 0
  m_AreaSize: {x: 1, y: 1}
--- !u!4 &741801554
Transform:
  m_ObjectHideFlags: 0
  m_PrefabParentObject: {fileID: 0}
  m_PrefabInternal: {fileID: 0}
  m_GameObject: {fileID: 741801552}
  m_LocalRotation: {x: 0.40821794, y: -0.23456973, z: 0.109381676, w: 0.87542605}
  m_LocalPosition: {x: 1.919, y: 7.574, z: -3.324}
  m_LocalScale: {x: 1, y: 1, z: 1}
  m_Children: []
  m_Father: {fileID: 0}
  m_RootOrder: 1
--- !u!1 &867423108
GameObject:
  m_ObjectHideFlags: 0
  m_PrefabParentObject: {fileID: 155438, guid: 36db7e0811dac4653a47884af938561d, type: 2}
  m_PrefabInternal: {fileID: 0}
  serializedVersion: 4
  m_Component:
  - 224: {fileID: 867423109}
  - 222: {fileID: 867423112}
  - 114: {fileID: 867423111}
  - 225: {fileID: 867423110}
  m_Layer: 5
  m_Name: Background
  m_TagString: Untagged
  m_Icon: {fileID: 0}
  m_NavMeshLayer: 0
  m_StaticEditorFlags: 0
  m_IsActive: 1
--- !u!224 &867423109
RectTransform:
  m_ObjectHideFlags: 0
  m_PrefabParentObject: {fileID: 22463160, guid: 36db7e0811dac4653a47884af938561d,
    type: 2}
  m_PrefabInternal: {fileID: 0}
  m_GameObject: {fileID: 867423108}
  m_LocalRotation: {x: 0, y: 0, z: 0, w: 1}
  m_LocalPosition: {x: 0, y: 0, z: 0}
  m_LocalScale: {x: 1, y: 1, z: 1}
  m_Children: []
  m_Father: {fileID: 1410464653}
  m_RootOrder: 2
  m_AnchorMin: {x: 0, y: 0}
  m_AnchorMax: {x: 0, y: 0}
  m_AnchoredPosition: {x: 133, y: 36}
  m_SizeDelta: {x: 263, y: 72}
  m_Pivot: {x: 0.5, y: 0.5}
--- !u!225 &867423110
CanvasGroup:
  m_ObjectHideFlags: 0
  m_PrefabParentObject: {fileID: 22579960, guid: 36db7e0811dac4653a47884af938561d,
    type: 2}
  m_PrefabInternal: {fileID: 0}
  m_GameObject: {fileID: 867423108}
  m_Enabled: 1
  m_Alpha: 0.34
  m_Interactable: 1
  m_BlocksRaycasts: 1
  m_IgnoreParentGroups: 0
--- !u!114 &867423111
MonoBehaviour:
  m_ObjectHideFlags: 0
  m_PrefabParentObject: {fileID: 11408306, guid: 36db7e0811dac4653a47884af938561d,
    type: 2}
  m_PrefabInternal: {fileID: 0}
  m_GameObject: {fileID: 867423108}
  m_Enabled: 1
  m_EditorHideFlags: 0
  m_Script: {fileID: -765806418, guid: f5f67c52d1564df4a8936ccd202a3bd8, type: 3}
  m_Name: 
  m_EditorClassIdentifier: 
  m_Material: {fileID: 0}
  m_Color: {r: 0.13235295, g: 0.13235295, b: 0.13235295, a: 1}
  m_RaycastTarget: 1
  m_OnCullStateChanged:
    m_PersistentCalls:
      m_Calls: []
    m_TypeName: UnityEngine.UI.MaskableGraphic+CullStateChangedEvent, UnityEngine.UI,
      Version=1.0.0.0, Culture=neutral, PublicKeyToken=null
  m_Sprite: {fileID: 0}
  m_Type: 0
  m_PreserveAspect: 0
  m_FillCenter: 1
  m_FillMethod: 4
  m_FillAmount: 1
  m_FillClockwise: 1
  m_FillOrigin: 0
--- !u!222 &867423112
CanvasRenderer:
  m_ObjectHideFlags: 0
  m_PrefabParentObject: {fileID: 22227146, guid: 36db7e0811dac4653a47884af938561d,
    type: 2}
  m_PrefabInternal: {fileID: 0}
  m_GameObject: {fileID: 867423108}
--- !u!1 &924196758
GameObject:
  m_ObjectHideFlags: 0
  m_PrefabParentObject: {fileID: 0}
  m_PrefabInternal: {fileID: 0}
  serializedVersion: 4
  m_Component:
  - 4: {fileID: 924196759}
  - 33: {fileID: 924196762}
  - 65: {fileID: 924196761}
  - 23: {fileID: 924196760}
  m_Layer: 0
  m_Name: Wall
  m_TagString: Wall
  m_Icon: {fileID: 0}
  m_NavMeshLayer: 0
  m_StaticEditorFlags: 0
  m_IsActive: 1
--- !u!4 &924196759
Transform:
  m_ObjectHideFlags: 0
  m_PrefabParentObject: {fileID: 0}
  m_PrefabInternal: {fileID: 0}
  m_GameObject: {fileID: 924196758}
  m_LocalRotation: {x: 0, y: 0, z: 0, w: 1}
  m_LocalPosition: {x: 14.45, y: 0, z: 0}
  m_LocalScale: {x: 1, y: 1, z: 45}
  m_Children: []
  m_Father: {fileID: 22524029}
  m_RootOrder: 2
--- !u!23 &924196760
MeshRenderer:
  m_ObjectHideFlags: 0
  m_PrefabParentObject: {fileID: 0}
  m_PrefabInternal: {fileID: 0}
  m_GameObject: {fileID: 924196758}
  m_Enabled: 1
  m_CastShadows: 1
  m_ReceiveShadows: 1
  m_Materials:
  - {fileID: 10303, guid: 0000000000000000f000000000000000, type: 0}
  m_SubsetIndices: 
  m_StaticBatchRoot: {fileID: 0}
  m_UseLightProbes: 1
  m_ReflectionProbeUsage: 1
  m_ProbeAnchor: {fileID: 0}
  m_ScaleInLightmap: 1
  m_PreserveUVs: 1
  m_IgnoreNormalsForChartDetection: 0
  m_ImportantGI: 0
  m_MinimumChartSize: 4
  m_AutoUVMaxDistance: 0.5
  m_AutoUVMaxAngle: 89
  m_LightmapParameters: {fileID: 0}
  m_SortingLayerID: 0
  m_SortingOrder: 0
--- !u!65 &924196761
BoxCollider:
  m_ObjectHideFlags: 0
  m_PrefabParentObject: {fileID: 0}
  m_PrefabInternal: {fileID: 0}
  m_GameObject: {fileID: 924196758}
  m_Material: {fileID: 0}
  m_IsTrigger: 0
  m_Enabled: 1
  serializedVersion: 2
  m_Size: {x: 1, y: 1, z: 1}
  m_Center: {x: 0, y: 0, z: 0}
--- !u!33 &924196762
MeshFilter:
  m_ObjectHideFlags: 0
  m_PrefabParentObject: {fileID: 0}
  m_PrefabInternal: {fileID: 0}
  m_GameObject: {fileID: 924196758}
  m_Mesh: {fileID: 10202, guid: 0000000000000000e000000000000000, type: 0}
--- !u!1 &956418572
GameObject:
  m_ObjectHideFlags: 0
  m_PrefabParentObject: {fileID: 0}
  m_PrefabInternal: {fileID: 0}
  serializedVersion: 4
  m_Component:
  - 4: {fileID: 956418575}
  - 114: {fileID: 956418574}
  - 114: {fileID: 956418573}
  m_Layer: 0
  m_Name: EventSystem
  m_TagString: Untagged
  m_Icon: {fileID: 0}
  m_NavMeshLayer: 0
  m_StaticEditorFlags: 0
  m_IsActive: 1
--- !u!114 &956418573
MonoBehaviour:
  m_ObjectHideFlags: 0
  m_PrefabParentObject: {fileID: 0}
  m_PrefabInternal: {fileID: 0}
  m_GameObject: {fileID: 956418572}
  m_Enabled: 1
  m_EditorHideFlags: 0
  m_Script: {fileID: 1077351063, guid: f5f67c52d1564df4a8936ccd202a3bd8, type: 3}
  m_Name: 
  m_EditorClassIdentifier: 
  m_HorizontalAxis: Horizontal
  m_VerticalAxis: Vertical
  m_SubmitButton: Submit
  m_CancelButton: Cancel
  m_InputActionsPerSecond: 10
  m_RepeatDelay: 0.5
  m_ForceModuleActive: 0
--- !u!114 &956418574
MonoBehaviour:
  m_ObjectHideFlags: 0
  m_PrefabParentObject: {fileID: 0}
  m_PrefabInternal: {fileID: 0}
  m_GameObject: {fileID: 956418572}
  m_Enabled: 1
  m_EditorHideFlags: 0
  m_Script: {fileID: -619905303, guid: f5f67c52d1564df4a8936ccd202a3bd8, type: 3}
  m_Name: 
  m_EditorClassIdentifier: 
  m_FirstSelected: {fileID: 0}
  m_sendNavigationEvents: 1
  m_DragThreshold: 5
--- !u!4 &956418575
Transform:
  m_ObjectHideFlags: 0
  m_PrefabParentObject: {fileID: 0}
  m_PrefabInternal: {fileID: 0}
  m_GameObject: {fileID: 956418572}
  m_LocalRotation: {x: 0, y: 0, z: 0, w: 1}
  m_LocalPosition: {x: 0, y: 0, z: 0}
  m_LocalScale: {x: 1, y: 1, z: 1}
  m_Children: []
  m_Father: {fileID: 0}
  m_RootOrder: 7
--- !u!1 &1072905222
GameObject:
  m_ObjectHideFlags: 0
  m_PrefabParentObject: {fileID: 0}
  m_PrefabInternal: {fileID: 0}
  serializedVersion: 4
  m_Component:
  - 4: {fileID: 1072905226}
  - 33: {fileID: 1072905225}
  - 65: {fileID: 1072905224}
  - 23: {fileID: 1072905223}
  m_Layer: 0
  m_Name: Cube
  m_TagString: Untagged
  m_Icon: {fileID: 0}
  m_NavMeshLayer: 0
  m_StaticEditorFlags: 0
  m_IsActive: 0
--- !u!23 &1072905223
MeshRenderer:
  m_ObjectHideFlags: 0
  m_PrefabParentObject: {fileID: 0}
  m_PrefabInternal: {fileID: 0}
  m_GameObject: {fileID: 1072905222}
  m_Enabled: 1
  m_CastShadows: 1
  m_ReceiveShadows: 1
  m_Materials:
  - {fileID: 10303, guid: 0000000000000000f000000000000000, type: 0}
  m_SubsetIndices: 
  m_StaticBatchRoot: {fileID: 0}
  m_UseLightProbes: 1
  m_ReflectionProbeUsage: 1
  m_ProbeAnchor: {fileID: 0}
  m_ScaleInLightmap: 1
  m_PreserveUVs: 1
  m_IgnoreNormalsForChartDetection: 0
  m_ImportantGI: 0
  m_MinimumChartSize: 4
  m_AutoUVMaxDistance: 0.5
  m_AutoUVMaxAngle: 89
  m_LightmapParameters: {fileID: 0}
  m_SortingLayerID: 0
  m_SortingOrder: 0
--- !u!65 &1072905224
BoxCollider:
  m_ObjectHideFlags: 0
  m_PrefabParentObject: {fileID: 0}
  m_PrefabInternal: {fileID: 0}
  m_GameObject: {fileID: 1072905222}
  m_Material: {fileID: 0}
  m_IsTrigger: 0
  m_Enabled: 1
  serializedVersion: 2
  m_Size: {x: 1, y: 1, z: 1}
  m_Center: {x: 0, y: 0, z: 0}
--- !u!33 &1072905225
MeshFilter:
  m_ObjectHideFlags: 0
  m_PrefabParentObject: {fileID: 0}
  m_PrefabInternal: {fileID: 0}
  m_GameObject: {fileID: 1072905222}
  m_Mesh: {fileID: 10202, guid: 0000000000000000e000000000000000, type: 0}
--- !u!4 &1072905226
Transform:
  m_ObjectHideFlags: 0
  m_PrefabParentObject: {fileID: 0}
  m_PrefabInternal: {fileID: 0}
  m_GameObject: {fileID: 1072905222}
  m_LocalRotation: {x: 0, y: 0, z: 0, w: 1}
  m_LocalPosition: {x: 0.74, y: 0.255, z: 0}
  m_LocalScale: {x: 1, y: 1, z: 1}
  m_Children: []
  m_Father: {fileID: 0}
  m_RootOrder: 8
--- !u!1 &1096822129
GameObject:
  m_ObjectHideFlags: 0
  m_PrefabParentObject: {fileID: 0}
  m_PrefabInternal: {fileID: 0}
  serializedVersion: 4
  m_Component:
  - 224: {fileID: 1096822130}
  m_Layer: 5
  m_Name: Live
  m_TagString: Untagged
  m_Icon: {fileID: 0}
  m_NavMeshLayer: 0
  m_StaticEditorFlags: 0
  m_IsActive: 1
--- !u!224 &1096822130
RectTransform:
  m_ObjectHideFlags: 0
  m_PrefabParentObject: {fileID: 0}
  m_PrefabInternal: {fileID: 0}
  m_GameObject: {fileID: 1096822129}
  m_LocalRotation: {x: 0, y: 0, z: 0, w: 1}
  m_LocalPosition: {x: 0, y: 0, z: 0}
  m_LocalScale: {x: 1, y: 1, z: 1}
  m_Children:
  - {fileID: 1679899658}
  - {fileID: 1803559311}
  m_Father: {fileID: 1410464653}
  m_RootOrder: 0
  m_AnchorMin: {x: 0, y: 1}
  m_AnchorMax: {x: 0, y: 1}
  m_AnchoredPosition: {x: 51, y: -34}
  m_SizeDelta: {x: 101, y: 68}
  m_Pivot: {x: 0.5, y: 0.5}
--- !u!1001 &1125701678
Prefab:
  m_ObjectHideFlags: 0
  serializedVersion: 2
  m_Modification:
    m_TransformParent: {fileID: 1410464653}
    m_Modifications:
    - target: {fileID: 22444940, guid: 033d2943f6a894b8c90d2e05e958c1e4, type: 2}
      propertyPath: m_LocalPosition.x
      value: 0
      objectReference: {fileID: 0}
    - target: {fileID: 22444940, guid: 033d2943f6a894b8c90d2e05e958c1e4, type: 2}
      propertyPath: m_LocalPosition.y
      value: 0
      objectReference: {fileID: 0}
    - target: {fileID: 22444940, guid: 033d2943f6a894b8c90d2e05e958c1e4, type: 2}
      propertyPath: m_LocalPosition.z
      value: 0
      objectReference: {fileID: 0}
    - target: {fileID: 22444940, guid: 033d2943f6a894b8c90d2e05e958c1e4, type: 2}
      propertyPath: m_LocalRotation.x
      value: 0
      objectReference: {fileID: 0}
    - target: {fileID: 22444940, guid: 033d2943f6a894b8c90d2e05e958c1e4, type: 2}
      propertyPath: m_LocalRotation.y
      value: 0
      objectReference: {fileID: 0}
    - target: {fileID: 22444940, guid: 033d2943f6a894b8c90d2e05e958c1e4, type: 2}
      propertyPath: m_LocalRotation.z
      value: 0
      objectReference: {fileID: 0}
    - target: {fileID: 22444940, guid: 033d2943f6a894b8c90d2e05e958c1e4, type: 2}
      propertyPath: m_LocalRotation.w
      value: 1
      objectReference: {fileID: 0}
    - target: {fileID: 22444940, guid: 033d2943f6a894b8c90d2e05e958c1e4, type: 2}
      propertyPath: m_RootOrder
      value: 7
      objectReference: {fileID: 0}
    - target: {fileID: 22444940, guid: 033d2943f6a894b8c90d2e05e958c1e4, type: 2}
      propertyPath: m_AnchoredPosition.x
      value: -358
      objectReference: {fileID: 0}
    - target: {fileID: 22444940, guid: 033d2943f6a894b8c90d2e05e958c1e4, type: 2}
      propertyPath: m_AnchoredPosition.y
      value: -197.8
      objectReference: {fileID: 0}
    - target: {fileID: 22444940, guid: 033d2943f6a894b8c90d2e05e958c1e4, type: 2}
      propertyPath: m_SizeDelta.x
      value: 37.005
      objectReference: {fileID: 0}
    - target: {fileID: 22444940, guid: 033d2943f6a894b8c90d2e05e958c1e4, type: 2}
      propertyPath: m_SizeDelta.y
      value: 38.8
      objectReference: {fileID: 0}
    - target: {fileID: 22444940, guid: 033d2943f6a894b8c90d2e05e958c1e4, type: 2}
      propertyPath: m_AnchorMin.x
      value: 0.5
      objectReference: {fileID: 0}
    - target: {fileID: 22444940, guid: 033d2943f6a894b8c90d2e05e958c1e4, type: 2}
      propertyPath: m_AnchorMin.y
      value: 0.5
      objectReference: {fileID: 0}
    - target: {fileID: 22444940, guid: 033d2943f6a894b8c90d2e05e958c1e4, type: 2}
      propertyPath: m_AnchorMax.x
      value: 0.5
      objectReference: {fileID: 0}
    - target: {fileID: 22444940, guid: 033d2943f6a894b8c90d2e05e958c1e4, type: 2}
      propertyPath: m_AnchorMax.y
      value: 0.5
      objectReference: {fileID: 0}
    - target: {fileID: 22444940, guid: 033d2943f6a894b8c90d2e05e958c1e4, type: 2}
      propertyPath: m_Pivot.x
      value: 0.5
      objectReference: {fileID: 0}
    - target: {fileID: 22444940, guid: 033d2943f6a894b8c90d2e05e958c1e4, type: 2}
      propertyPath: m_Pivot.y
      value: 0.5
      objectReference: {fileID: 0}
    - target: {fileID: 11463654, guid: 033d2943f6a894b8c90d2e05e958c1e4, type: 2}
      propertyPath: m_Group
      value: 
      objectReference: {fileID: 1812796012}
    m_RemovedComponents: []
  m_ParentPrefab: {fileID: 100100000, guid: 033d2943f6a894b8c90d2e05e958c1e4, type: 2}
  m_IsPrefabParent: 0
--- !u!1 &1174955766
GameObject:
  m_ObjectHideFlags: 0
  m_PrefabParentObject: {fileID: 0}
  m_PrefabInternal: {fileID: 0}
  serializedVersion: 4
  m_Component:
  - 4: {fileID: 1174955767}
  - 33: {fileID: 1174955770}
  - 65: {fileID: 1174955769}
  - 23: {fileID: 1174955768}
  m_Layer: 0
  m_Name: Wall
  m_TagString: Untagged
  m_Icon: {fileID: 0}
  m_NavMeshLayer: 0
  m_StaticEditorFlags: 0
  m_IsActive: 0
--- !u!4 &1174955767
Transform:
  m_ObjectHideFlags: 0
  m_PrefabParentObject: {fileID: 0}
  m_PrefabInternal: {fileID: 0}
  m_GameObject: {fileID: 1174955766}
  m_LocalRotation: {x: 0, y: 0, z: 0, w: 1}
  m_LocalPosition: {x: 0, y: 1.18, z: 0}
  m_LocalScale: {x: 5, y: 4, z: 5}
  m_Children: []
  m_Father: {fileID: 22524029}
  m_RootOrder: 0
--- !u!23 &1174955768
MeshRenderer:
  m_ObjectHideFlags: 0
  m_PrefabParentObject: {fileID: 0}
  m_PrefabInternal: {fileID: 0}
  m_GameObject: {fileID: 1174955766}
  m_Enabled: 1
  m_CastShadows: 1
  m_ReceiveShadows: 1
  m_Materials:
  - {fileID: 10303, guid: 0000000000000000f000000000000000, type: 0}
  m_SubsetIndices: 
  m_StaticBatchRoot: {fileID: 0}
  m_UseLightProbes: 1
  m_ReflectionProbeUsage: 1
  m_ProbeAnchor: {fileID: 0}
  m_ScaleInLightmap: 1
  m_PreserveUVs: 1
  m_IgnoreNormalsForChartDetection: 0
  m_ImportantGI: 0
  m_MinimumChartSize: 4
  m_AutoUVMaxDistance: 0.5
  m_AutoUVMaxAngle: 89
  m_LightmapParameters: {fileID: 0}
  m_SortingLayerID: 0
  m_SortingOrder: 0
--- !u!65 &1174955769
BoxCollider:
  m_ObjectHideFlags: 0
  m_PrefabParentObject: {fileID: 0}
  m_PrefabInternal: {fileID: 0}
  m_GameObject: {fileID: 1174955766}
  m_Material: {fileID: 0}
  m_IsTrigger: 0
  m_Enabled: 1
  serializedVersion: 2
  m_Size: {x: 1, y: 1, z: 1}
  m_Center: {x: 0, y: 0, z: 0}
--- !u!33 &1174955770
MeshFilter:
  m_ObjectHideFlags: 0
  m_PrefabParentObject: {fileID: 0}
  m_PrefabInternal: {fileID: 0}
  m_GameObject: {fileID: 1174955766}
  m_Mesh: {fileID: 10202, guid: 0000000000000000e000000000000000, type: 0}
--- !u!1001 &1178533511
Prefab:
  m_ObjectHideFlags: 0
  serializedVersion: 2
  m_Modification:
    m_TransformParent: {fileID: 1410464653}
    m_Modifications:
    - target: {fileID: 22469886, guid: 172530777951743db859695fc65baa54, type: 2}
      propertyPath: m_LocalPosition.x
      value: 0
      objectReference: {fileID: 0}
    - target: {fileID: 22469886, guid: 172530777951743db859695fc65baa54, type: 2}
      propertyPath: m_LocalPosition.y
      value: 0
      objectReference: {fileID: 0}
    - target: {fileID: 22469886, guid: 172530777951743db859695fc65baa54, type: 2}
      propertyPath: m_LocalPosition.z
      value: 0
      objectReference: {fileID: 0}
    - target: {fileID: 22469886, guid: 172530777951743db859695fc65baa54, type: 2}
      propertyPath: m_LocalRotation.x
      value: 0
      objectReference: {fileID: 0}
    - target: {fileID: 22469886, guid: 172530777951743db859695fc65baa54, type: 2}
      propertyPath: m_LocalRotation.y
      value: 0
      objectReference: {fileID: 0}
    - target: {fileID: 22469886, guid: 172530777951743db859695fc65baa54, type: 2}
      propertyPath: m_LocalRotation.z
      value: 0
      objectReference: {fileID: 0}
    - target: {fileID: 22469886, guid: 172530777951743db859695fc65baa54, type: 2}
      propertyPath: m_LocalRotation.w
      value: 1
      objectReference: {fileID: 0}
    - target: {fileID: 22469886, guid: 172530777951743db859695fc65baa54, type: 2}
      propertyPath: m_RootOrder
      value: 8
      objectReference: {fileID: 0}
    - target: {fileID: 22469886, guid: 172530777951743db859695fc65baa54, type: 2}
      propertyPath: m_AnchoredPosition.x
      value: -239.6
      objectReference: {fileID: 0}
    - target: {fileID: 22469886, guid: 172530777951743db859695fc65baa54, type: 2}
      propertyPath: m_AnchoredPosition.y
      value: -196.7
      objectReference: {fileID: 0}
    - target: {fileID: 22469886, guid: 172530777951743db859695fc65baa54, type: 2}
      propertyPath: m_SizeDelta.x
      value: 37.005
      objectReference: {fileID: 0}
    - target: {fileID: 22469886, guid: 172530777951743db859695fc65baa54, type: 2}
      propertyPath: m_SizeDelta.y
      value: 38.8
      objectReference: {fileID: 0}
    - target: {fileID: 22469886, guid: 172530777951743db859695fc65baa54, type: 2}
      propertyPath: m_AnchorMin.x
      value: 0.5
      objectReference: {fileID: 0}
    - target: {fileID: 22469886, guid: 172530777951743db859695fc65baa54, type: 2}
      propertyPath: m_AnchorMin.y
      value: 0.5
      objectReference: {fileID: 0}
    - target: {fileID: 22469886, guid: 172530777951743db859695fc65baa54, type: 2}
      propertyPath: m_AnchorMax.x
      value: 0.5
      objectReference: {fileID: 0}
    - target: {fileID: 22469886, guid: 172530777951743db859695fc65baa54, type: 2}
      propertyPath: m_AnchorMax.y
      value: 0.5
      objectReference: {fileID: 0}
    - target: {fileID: 22469886, guid: 172530777951743db859695fc65baa54, type: 2}
      propertyPath: m_Pivot.x
      value: 0.5
      objectReference: {fileID: 0}
    - target: {fileID: 22469886, guid: 172530777951743db859695fc65baa54, type: 2}
      propertyPath: m_Pivot.y
      value: 0.5
      objectReference: {fileID: 0}
    - target: {fileID: 11440634, guid: 172530777951743db859695fc65baa54, type: 2}
      propertyPath: m_Group
      value: 
      objectReference: {fileID: 1812796012}
    - target: {fileID: 11440634, guid: 172530777951743db859695fc65baa54, type: 2}
      propertyPath: onValueChanged.m_PersistentCalls.m_Calls.Array.data[0].m_Arguments.m_IntArgument
      value: 3
      objectReference: {fileID: 0}
    m_RemovedComponents: []
  m_ParentPrefab: {fileID: 100100000, guid: 172530777951743db859695fc65baa54, type: 2}
  m_IsPrefabParent: 0
--- !u!1 &1303106430
GameObject:
  m_ObjectHideFlags: 0
  m_PrefabParentObject: {fileID: 0}
  m_PrefabInternal: {fileID: 0}
  serializedVersion: 4
  m_Component:
  - 4: {fileID: 1303106435}
  - 20: {fileID: 1303106434}
  - 92: {fileID: 1303106433}
  - 124: {fileID: 1303106432}
  - 81: {fileID: 1303106431}
  - 82: {fileID: 1303106436}
  m_Layer: 0
  m_Name: Main Camera
  m_TagString: MainCamera
  m_Icon: {fileID: 0}
  m_NavMeshLayer: 0
  m_StaticEditorFlags: 0
  m_IsActive: 1
--- !u!81 &1303106431
AudioListener:
  m_ObjectHideFlags: 0
  m_PrefabParentObject: {fileID: 0}
  m_PrefabInternal: {fileID: 0}
  m_GameObject: {fileID: 1303106430}
  m_Enabled: 1
--- !u!124 &1303106432
Behaviour:
  m_ObjectHideFlags: 0
  m_PrefabParentObject: {fileID: 0}
  m_PrefabInternal: {fileID: 0}
  m_GameObject: {fileID: 1303106430}
  m_Enabled: 1
--- !u!92 &1303106433
Behaviour:
  m_ObjectHideFlags: 0
  m_PrefabParentObject: {fileID: 0}
  m_PrefabInternal: {fileID: 0}
  m_GameObject: {fileID: 1303106430}
  m_Enabled: 1
--- !u!20 &1303106434
Camera:
  m_ObjectHideFlags: 0
  m_PrefabParentObject: {fileID: 0}
  m_PrefabInternal: {fileID: 0}
  m_GameObject: {fileID: 1303106430}
  m_Enabled: 1
  serializedVersion: 2
  m_ClearFlags: 1
  m_BackGroundColor: {r: 0.19215687, g: 0.3019608, b: 0.4745098, a: 0.019607844}
  m_NormalizedViewPortRect:
    serializedVersion: 2
    x: 0
    y: 0
    width: 1
    height: 1
  near clip plane: 0.3
  far clip plane: 1000
  field of view: 60
  orthographic: 0
  orthographic size: 5
  m_Depth: -1
  m_CullingMask:
    serializedVersion: 2
    m_Bits: 4294967295
  m_RenderingPath: -1
  m_TargetTexture: {fileID: 0}
  m_TargetDisplay: 0
  m_TargetEye: 3
  m_HDR: 0
  m_OcclusionCulling: 1
  m_StereoConvergence: 10
  m_StereoSeparation: 0.022
  m_StereoMirrorMode: 0
--- !u!4 &1303106435
Transform:
  m_ObjectHideFlags: 0
  m_PrefabParentObject: {fileID: 0}
  m_PrefabInternal: {fileID: 0}
  m_GameObject: {fileID: 1303106430}
  m_LocalRotation: {x: -0.29142162, y: 0.64256215, z: -0.2895038, w: -0.6468191}
  m_LocalPosition: {x: 17.15804, y: 17.192093, z: -0.4348661}
  m_LocalScale: {x: 1, y: 1, z: 1}
  m_Children: []
  m_Father: {fileID: 0}
  m_RootOrder: 0
--- !u!82 &1303106436
AudioSource:
  m_ObjectHideFlags: 0
  m_PrefabParentObject: {fileID: 0}
  m_PrefabInternal: {fileID: 0}
  m_GameObject: {fileID: 1303106430}
  m_Enabled: 1
  serializedVersion: 4
  OutputAudioMixerGroup: {fileID: 0}
  m_audioClip: {fileID: 8300000, guid: 3202abf4a3476a548b2ae100c0a699cb, type: 3}
  m_PlayOnAwake: 0
  m_Volume: 1
  m_Pitch: 1
  Loop: 0
  Mute: 0
  Spatialize: 0
  Priority: 128
  DopplerLevel: 1
  MinDistance: 1
  MaxDistance: 500
  Pan2D: 0
  rolloffMode: 0
  BypassEffects: 0
  BypassListenerEffects: 0
  BypassReverbZones: 0
  rolloffCustomCurve:
    serializedVersion: 2
    m_Curve:
    - time: 0
      value: 1
      inSlope: 0
      outSlope: 0
      tangentMode: 0
    - time: 1
      value: 0
      inSlope: 0
      outSlope: 0
      tangentMode: 0
    m_PreInfinity: 2
    m_PostInfinity: 2
    m_RotationOrder: 4
  panLevelCustomCurve:
    serializedVersion: 2
    m_Curve:
    - time: 0
      value: 0
      inSlope: 0
      outSlope: 0
      tangentMode: 0
    m_PreInfinity: 2
    m_PostInfinity: 2
    m_RotationOrder: 0
  spreadCustomCurve:
    serializedVersion: 2
    m_Curve:
    - time: 0
      value: 0
      inSlope: 0
      outSlope: 0
      tangentMode: 0
    m_PreInfinity: 2
    m_PostInfinity: 2
    m_RotationOrder: 4
  reverbZoneMixCustomCurve:
    serializedVersion: 2
    m_Curve:
    - time: 0
      value: 1
      inSlope: 0
      outSlope: 0
      tangentMode: 0
    m_PreInfinity: 2
    m_PostInfinity: 2
    m_RotationOrder: 0
--- !u!1 &1358039123
GameObject:
  m_ObjectHideFlags: 0
  m_PrefabParentObject: {fileID: 0}
  m_PrefabInternal: {fileID: 0}
  serializedVersion: 4
  m_Component:
  - 4: {fileID: 1358039124}
  - 33: {fileID: 1358039127}
  - 65: {fileID: 1358039126}
  - 23: {fileID: 1358039125}
  m_Layer: 0
  m_Name: Wall
  m_TagString: Wall
  m_Icon: {fileID: 0}
  m_NavMeshLayer: 0
  m_StaticEditorFlags: 0
  m_IsActive: 1
--- !u!4 &1358039124
Transform:
  m_ObjectHideFlags: 0
  m_PrefabParentObject: {fileID: 0}
  m_PrefabInternal: {fileID: 0}
  m_GameObject: {fileID: 1358039123}
  m_LocalRotation: {x: 0, y: 0.7071068, z: 0, w: 0.7071067}
  m_LocalPosition: {x: 0, y: 0, z: 21.91}
  m_LocalScale: {x: 1, y: 1, z: 30}
  m_Children: []
  m_Father: {fileID: 22524029}
  m_RootOrder: 5
--- !u!23 &1358039125
MeshRenderer:
  m_ObjectHideFlags: 0
  m_PrefabParentObject: {fileID: 0}
  m_PrefabInternal: {fileID: 0}
  m_GameObject: {fileID: 1358039123}
  m_Enabled: 1
  m_CastShadows: 1
  m_ReceiveShadows: 1
  m_Materials:
  - {fileID: 10303, guid: 0000000000000000f000000000000000, type: 0}
  m_SubsetIndices: 
  m_StaticBatchRoot: {fileID: 0}
  m_UseLightProbes: 1
  m_ReflectionProbeUsage: 1
  m_ProbeAnchor: {fileID: 0}
  m_ScaleInLightmap: 1
  m_PreserveUVs: 1
  m_IgnoreNormalsForChartDetection: 0
  m_ImportantGI: 0
  m_MinimumChartSize: 4
  m_AutoUVMaxDistance: 0.5
  m_AutoUVMaxAngle: 89
  m_LightmapParameters: {fileID: 0}
  m_SortingLayerID: 0
  m_SortingOrder: 0
--- !u!65 &1358039126
BoxCollider:
  m_ObjectHideFlags: 0
  m_PrefabParentObject: {fileID: 0}
  m_PrefabInternal: {fileID: 0}
  m_GameObject: {fileID: 1358039123}
  m_Material: {fileID: 0}
  m_IsTrigger: 0
  m_Enabled: 1
  serializedVersion: 2
  m_Size: {x: 1, y: 1, z: 1}
  m_Center: {x: 0, y: 0, z: 0}
--- !u!33 &1358039127
MeshFilter:
  m_ObjectHideFlags: 0
  m_PrefabParentObject: {fileID: 0}
  m_PrefabInternal: {fileID: 0}
  m_GameObject: {fileID: 1358039123}
  m_Mesh: {fileID: 10202, guid: 0000000000000000e000000000000000, type: 0}
--- !u!1001 &1409429654
Prefab:
  m_ObjectHideFlags: 0
  serializedVersion: 2
  m_Modification:
    m_TransformParent: {fileID: 0}
    m_Modifications:
    - target: {fileID: 464360, guid: 6f77747e13d0746ccabc66baea61f132, type: 2}
      propertyPath: m_LocalPosition.x
      value: 1.8372176
      objectReference: {fileID: 0}
    - target: {fileID: 464360, guid: 6f77747e13d0746ccabc66baea61f132, type: 2}
      propertyPath: m_LocalPosition.y
      value: -4.0515127
      objectReference: {fileID: 0}
    - target: {fileID: 464360, guid: 6f77747e13d0746ccabc66baea61f132, type: 2}
      propertyPath: m_LocalPosition.z
      value: -1.3198516
      objectReference: {fileID: 0}
    - target: {fileID: 464360, guid: 6f77747e13d0746ccabc66baea61f132, type: 2}
      propertyPath: m_LocalRotation.x
      value: 0
      objectReference: {fileID: 0}
    - target: {fileID: 464360, guid: 6f77747e13d0746ccabc66baea61f132, type: 2}
      propertyPath: m_LocalRotation.y
      value: 0
      objectReference: {fileID: 0}
    - target: {fileID: 464360, guid: 6f77747e13d0746ccabc66baea61f132, type: 2}
      propertyPath: m_LocalRotation.z
      value: 0
      objectReference: {fileID: 0}
    - target: {fileID: 464360, guid: 6f77747e13d0746ccabc66baea61f132, type: 2}
      propertyPath: m_LocalRotation.w
      value: 1
      objectReference: {fileID: 0}
    - target: {fileID: 464360, guid: 6f77747e13d0746ccabc66baea61f132, type: 2}
      propertyPath: m_RootOrder
      value: 10
      objectReference: {fileID: 0}
    - target: {fileID: 11422246, guid: 6f77747e13d0746ccabc66baea61f132, type: 2}
      propertyPath: startDelay
      value: 0
      objectReference: {fileID: 0}
    - target: {fileID: 11422246, guid: 6f77747e13d0746ccabc66baea61f132, type: 2}
      propertyPath: lives
      value: 1
      objectReference: {fileID: 0}
    - target: {fileID: 11422246, guid: 6f77747e13d0746ccabc66baea61f132, type: 2}
      propertyPath: timeToSurvive
      value: 30
      objectReference: {fileID: 0}
    - target: {fileID: 11422246, guid: 6f77747e13d0746ccabc66baea61f132, type: 2}
      propertyPath: agentSpeed
      value: 1.9
      objectReference: {fileID: 0}
    m_RemovedComponents: []
  m_ParentPrefab: {fileID: 100100000, guid: 6f77747e13d0746ccabc66baea61f132, type: 2}
  m_IsPrefabParent: 0
--- !u!1 &1410464649
GameObject:
  m_ObjectHideFlags: 0
  m_PrefabParentObject: {fileID: 171466, guid: 36db7e0811dac4653a47884af938561d, type: 2}
  m_PrefabInternal: {fileID: 0}
  serializedVersion: 4
  m_Component:
  - 224: {fileID: 1410464653}
  - 223: {fileID: 1410464652}
  - 114: {fileID: 1410464651}
  - 114: {fileID: 1410464650}
  m_Layer: 5
  m_Name: _NewUI
  m_TagString: Untagged
  m_Icon: {fileID: 0}
  m_NavMeshLayer: 0
  m_StaticEditorFlags: 0
  m_IsActive: 1
--- !u!114 &1410464650
MonoBehaviour:
  m_ObjectHideFlags: 0
  m_PrefabParentObject: {fileID: 11424864, guid: 36db7e0811dac4653a47884af938561d,
    type: 2}
  m_PrefabInternal: {fileID: 0}
  m_GameObject: {fileID: 1410464649}
  m_Enabled: 1
  m_EditorHideFlags: 0
  m_Script: {fileID: 1301386320, guid: f5f67c52d1564df4a8936ccd202a3bd8, type: 3}
  m_Name: 
  m_EditorClassIdentifier: 
  m_IgnoreReversedGraphics: 1
  m_BlockingObjects: 0
  m_BlockingMask:
    serializedVersion: 2
    m_Bits: 4294967295
--- !u!114 &1410464651
MonoBehaviour:
  m_ObjectHideFlags: 0
  m_PrefabParentObject: {fileID: 11459640, guid: 36db7e0811dac4653a47884af938561d,
    type: 2}
  m_PrefabInternal: {fileID: 0}
  m_GameObject: {fileID: 1410464649}
  m_Enabled: 1
  m_EditorHideFlags: 0
  m_Script: {fileID: 1980459831, guid: f5f67c52d1564df4a8936ccd202a3bd8, type: 3}
  m_Name: 
  m_EditorClassIdentifier: 
  m_UiScaleMode: 1
  m_ReferencePixelsPerUnit: 100
  m_ScaleFactor: 1
  m_ReferenceResolution: {x: 800, y: 600}
  m_ScreenMatchMode: 0
  m_MatchWidthOrHeight: 0
  m_PhysicalUnit: 3
  m_FallbackScreenDPI: 96
  m_DefaultSpriteDPI: 96
  m_DynamicPixelsPerUnit: 1
--- !u!223 &1410464652
Canvas:
  m_ObjectHideFlags: 0
  m_PrefabParentObject: {fileID: 22343546, guid: 36db7e0811dac4653a47884af938561d,
    type: 2}
  m_PrefabInternal: {fileID: 0}
  m_GameObject: {fileID: 1410464649}
  m_Enabled: 1
  serializedVersion: 2
  m_RenderMode: 0
  m_Camera: {fileID: 0}
  m_PlaneDistance: 100
  m_PixelPerfect: 0
  m_ReceivesEvents: 1
  m_OverrideSorting: 0
  m_OverridePixelPerfect: 0
  m_SortingLayerID: 0
  m_SortingOrder: 0
  m_TargetDisplay: 0
--- !u!224 &1410464653
RectTransform:
  m_ObjectHideFlags: 0
  m_PrefabParentObject: {fileID: 22426442, guid: 36db7e0811dac4653a47884af938561d,
    type: 2}
  m_PrefabInternal: {fileID: 0}
  m_GameObject: {fileID: 1410464649}
  m_LocalRotation: {x: 0, y: 0, z: 0, w: 1}
  m_LocalPosition: {x: 0, y: 0, z: 0}
  m_LocalScale: {x: 0, y: 0, z: 0}
  m_Children:
  - {fileID: 1096822130}
  - {fileID: 1784481449}
  - {fileID: 867423109}
  - {fileID: 1812796011}
  - {fileID: 1956067241}
  - {fileID: 178678916}
  - {fileID: 2002656701}
  - {fileID: 1993448844}
  - {fileID: 1698964249}
  m_Father: {fileID: 0}
  m_RootOrder: 9
  m_AnchorMin: {x: 0, y: 0}
  m_AnchorMax: {x: 0, y: 0}
  m_AnchoredPosition: {x: 0, y: 0}
  m_SizeDelta: {x: 0, y: 0}
  m_Pivot: {x: 0, y: 0}
--- !u!1001 &1418362265
Prefab:
  m_ObjectHideFlags: 0
  serializedVersion: 2
  m_Modification:
    m_TransformParent: {fileID: 0}
    m_Modifications:
    - target: {fileID: 446636, guid: a44a2b39aa1754b52a5261c3fdf8623b, type: 2}
      propertyPath: m_LocalPosition.x
      value: 0
      objectReference: {fileID: 0}
    - target: {fileID: 446636, guid: a44a2b39aa1754b52a5261c3fdf8623b, type: 2}
      propertyPath: m_LocalPosition.y
      value: 8.71
      objectReference: {fileID: 0}
    - target: {fileID: 446636, guid: a44a2b39aa1754b52a5261c3fdf8623b, type: 2}
      propertyPath: m_LocalPosition.z
      value: 1.200624
      objectReference: {fileID: 0}
    - target: {fileID: 446636, guid: a44a2b39aa1754b52a5261c3fdf8623b, type: 2}
      propertyPath: m_LocalRotation.x
      value: 0
      objectReference: {fileID: 0}
    - target: {fileID: 446636, guid: a44a2b39aa1754b52a5261c3fdf8623b, type: 2}
      propertyPath: m_LocalRotation.y
      value: 0
      objectReference: {fileID: 0}
    - target: {fileID: 446636, guid: a44a2b39aa1754b52a5261c3fdf8623b, type: 2}
      propertyPath: m_LocalRotation.z
      value: 0
      objectReference: {fileID: 0}
    - target: {fileID: 446636, guid: a44a2b39aa1754b52a5261c3fdf8623b, type: 2}
      propertyPath: m_LocalRotation.w
      value: 1
      objectReference: {fileID: 0}
    - target: {fileID: 446636, guid: a44a2b39aa1754b52a5261c3fdf8623b, type: 2}
      propertyPath: m_RootOrder
      value: 7
      objectReference: {fileID: 0}
    - target: {fileID: 191436, guid: a44a2b39aa1754b52a5261c3fdf8623b, type: 2}
      propertyPath: m_IsActive
      value: 0
      objectReference: {fileID: 0}
    m_RemovedComponents: []
  m_ParentPrefab: {fileID: 100100000, guid: a44a2b39aa1754b52a5261c3fdf8623b, type: 2}
  m_IsPrefabParent: 0
--- !u!1 &1450657000
GameObject:
  m_ObjectHideFlags: 0
  m_PrefabParentObject: {fileID: 0}
  m_PrefabInternal: {fileID: 0}
  serializedVersion: 4
  m_Component:
  - 4: {fileID: 1450657001}
  - 33: {fileID: 1450657004}
  - 65: {fileID: 1450657003}
  - 23: {fileID: 1450657002}
  - 54: {fileID: 1450657005}
  m_Layer: 0
  m_Name: Wall
  m_TagString: Wall
  m_Icon: {fileID: 0}
  m_NavMeshLayer: 0
  m_StaticEditorFlags: 0
  m_IsActive: 1
--- !u!4 &1450657001
Transform:
  m_ObjectHideFlags: 0
  m_PrefabParentObject: {fileID: 0}
  m_PrefabInternal: {fileID: 0}
  m_GameObject: {fileID: 1450657000}
  m_LocalRotation: {x: 0, y: 0, z: 0, w: 1}
  m_LocalPosition: {x: -14.53, y: 0, z: 0}
  m_LocalScale: {x: 1, y: 1, z: 45}
  m_Children: []
  m_Father: {fileID: 22524029}
  m_RootOrder: 3
--- !u!23 &1450657002
MeshRenderer:
  m_ObjectHideFlags: 0
  m_PrefabParentObject: {fileID: 0}
  m_PrefabInternal: {fileID: 0}
  m_GameObject: {fileID: 1450657000}
  m_Enabled: 1
  m_CastShadows: 1
  m_ReceiveShadows: 1
  m_Materials:
  - {fileID: 10303, guid: 0000000000000000f000000000000000, type: 0}
  m_SubsetIndices: 
  m_StaticBatchRoot: {fileID: 0}
  m_UseLightProbes: 1
  m_ReflectionProbeUsage: 1
  m_ProbeAnchor: {fileID: 0}
  m_ScaleInLightmap: 1
  m_PreserveUVs: 1
  m_IgnoreNormalsForChartDetection: 0
  m_ImportantGI: 0
  m_MinimumChartSize: 4
  m_AutoUVMaxDistance: 0.5
  m_AutoUVMaxAngle: 89
  m_LightmapParameters: {fileID: 0}
  m_SortingLayerID: 0
  m_SortingOrder: 0
--- !u!65 &1450657003
BoxCollider:
  m_ObjectHideFlags: 0
  m_PrefabParentObject: {fileID: 0}
  m_PrefabInternal: {fileID: 0}
  m_GameObject: {fileID: 1450657000}
  m_Material: {fileID: 0}
  m_IsTrigger: 1
  m_Enabled: 1
  serializedVersion: 2
  m_Size: {x: 1, y: 1, z: 1}
  m_Center: {x: 0, y: 0, z: 0}
--- !u!33 &1450657004
MeshFilter:
  m_ObjectHideFlags: 0
  m_PrefabParentObject: {fileID: 0}
  m_PrefabInternal: {fileID: 0}
  m_GameObject: {fileID: 1450657000}
  m_Mesh: {fileID: 10202, guid: 0000000000000000e000000000000000, type: 0}
--- !u!54 &1450657005
Rigidbody:
  m_ObjectHideFlags: 0
  m_PrefabParentObject: {fileID: 0}
  m_PrefabInternal: {fileID: 0}
  m_GameObject: {fileID: 1450657000}
  serializedVersion: 2
  m_Mass: 1
  m_Drag: 0
  m_AngularDrag: 0.05
  m_UseGravity: 0
  m_IsKinematic: 1
  m_Interpolate: 0
  m_Constraints: 126
  m_CollisionDetection: 0
--- !u!1001 &1516812323
Prefab:
  m_ObjectHideFlags: 0
  serializedVersion: 2
  m_Modification:
    m_TransformParent: {fileID: 1410464653}
    m_Modifications:
    - target: {fileID: 22452604, guid: 8949d1e90a22d4dab9d710dfb8191ed7, type: 2}
      propertyPath: m_LocalPosition.x
      value: 0
      objectReference: {fileID: 0}
    - target: {fileID: 22452604, guid: 8949d1e90a22d4dab9d710dfb8191ed7, type: 2}
      propertyPath: m_LocalPosition.y
      value: 0
      objectReference: {fileID: 0}
    - target: {fileID: 22452604, guid: 8949d1e90a22d4dab9d710dfb8191ed7, type: 2}
      propertyPath: m_LocalPosition.z
      value: 0
      objectReference: {fileID: 0}
    - target: {fileID: 22452604, guid: 8949d1e90a22d4dab9d710dfb8191ed7, type: 2}
      propertyPath: m_LocalRotation.x
      value: 0
      objectReference: {fileID: 0}
    - target: {fileID: 22452604, guid: 8949d1e90a22d4dab9d710dfb8191ed7, type: 2}
      propertyPath: m_LocalRotation.y
      value: 0
      objectReference: {fileID: 0}
    - target: {fileID: 22452604, guid: 8949d1e90a22d4dab9d710dfb8191ed7, type: 2}
      propertyPath: m_LocalRotation.z
      value: 0
      objectReference: {fileID: 0}
    - target: {fileID: 22452604, guid: 8949d1e90a22d4dab9d710dfb8191ed7, type: 2}
      propertyPath: m_LocalRotation.w
      value: 1
      objectReference: {fileID: 0}
    - target: {fileID: 22452604, guid: 8949d1e90a22d4dab9d710dfb8191ed7, type: 2}
      propertyPath: m_RootOrder
      value: 5
      objectReference: {fileID: 0}
    - target: {fileID: 22452604, guid: 8949d1e90a22d4dab9d710dfb8191ed7, type: 2}
      propertyPath: m_AnchoredPosition.x
      value: -297
      objectReference: {fileID: 0}
    - target: {fileID: 22452604, guid: 8949d1e90a22d4dab9d710dfb8191ed7, type: 2}
      propertyPath: m_AnchoredPosition.y
      value: -197.9
      objectReference: {fileID: 0}
    - target: {fileID: 22452604, guid: 8949d1e90a22d4dab9d710dfb8191ed7, type: 2}
      propertyPath: m_SizeDelta.x
      value: 37.005
      objectReference: {fileID: 0}
    - target: {fileID: 22452604, guid: 8949d1e90a22d4dab9d710dfb8191ed7, type: 2}
      propertyPath: m_SizeDelta.y
      value: 38.8
      objectReference: {fileID: 0}
    - target: {fileID: 22452604, guid: 8949d1e90a22d4dab9d710dfb8191ed7, type: 2}
      propertyPath: m_AnchorMin.x
      value: 0.5
      objectReference: {fileID: 0}
    - target: {fileID: 22452604, guid: 8949d1e90a22d4dab9d710dfb8191ed7, type: 2}
      propertyPath: m_AnchorMin.y
      value: 0.5
      objectReference: {fileID: 0}
    - target: {fileID: 22452604, guid: 8949d1e90a22d4dab9d710dfb8191ed7, type: 2}
      propertyPath: m_AnchorMax.x
      value: 0.5
      objectReference: {fileID: 0}
    - target: {fileID: 22452604, guid: 8949d1e90a22d4dab9d710dfb8191ed7, type: 2}
      propertyPath: m_AnchorMax.y
      value: 0.5
      objectReference: {fileID: 0}
    - target: {fileID: 22452604, guid: 8949d1e90a22d4dab9d710dfb8191ed7, type: 2}
      propertyPath: m_Pivot.x
      value: 0.5
      objectReference: {fileID: 0}
    - target: {fileID: 22452604, guid: 8949d1e90a22d4dab9d710dfb8191ed7, type: 2}
      propertyPath: m_Pivot.y
      value: 0.5
      objectReference: {fileID: 0}
    - target: {fileID: 11416936, guid: 8949d1e90a22d4dab9d710dfb8191ed7, type: 2}
      propertyPath: m_Group
      value: 
      objectReference: {fileID: 1812796012}
    m_RemovedComponents: []
  m_ParentPrefab: {fileID: 100100000, guid: 8949d1e90a22d4dab9d710dfb8191ed7, type: 2}
  m_IsPrefabParent: 0
--- !u!1 &1679899657
GameObject:
  m_ObjectHideFlags: 0
  m_PrefabParentObject: {fileID: 180100, guid: 36db7e0811dac4653a47884af938561d, type: 2}
  m_PrefabInternal: {fileID: 0}
  serializedVersion: 4
  m_Component:
  - 224: {fileID: 1679899658}
  - 222: {fileID: 1679899660}
  - 114: {fileID: 1679899659}
  m_Layer: 5
  m_Name: Heart
  m_TagString: Untagged
  m_Icon: {fileID: 0}
  m_NavMeshLayer: 0
  m_StaticEditorFlags: 0
  m_IsActive: 1
--- !u!224 &1679899658
RectTransform:
  m_ObjectHideFlags: 0
  m_PrefabParentObject: {fileID: 22443784, guid: 36db7e0811dac4653a47884af938561d,
    type: 2}
  m_PrefabInternal: {fileID: 0}
  m_GameObject: {fileID: 1679899657}
  m_LocalRotation: {x: 0, y: 0, z: 0, w: 1}
  m_LocalPosition: {x: 0, y: 0, z: 0}
  m_LocalScale: {x: 1, y: 1, z: 1}
  m_Children: []
  m_Father: {fileID: 1096822130}
  m_RootOrder: 0
  m_AnchorMin: {x: 0, y: 1}
  m_AnchorMax: {x: 0, y: 1}
  m_AnchoredPosition: {x: 28, y: -28}
  m_SizeDelta: {x: 21.95, y: 22}
  m_Pivot: {x: 0.49999976, y: 0.49999878}
--- !u!114 &1679899659
MonoBehaviour:
  m_ObjectHideFlags: 0
  m_PrefabParentObject: {fileID: 11469600, guid: 36db7e0811dac4653a47884af938561d,
    type: 2}
  m_PrefabInternal: {fileID: 0}
  m_GameObject: {fileID: 1679899657}
  m_Enabled: 1
  m_EditorHideFlags: 0
  m_Script: {fileID: -765806418, guid: f5f67c52d1564df4a8936ccd202a3bd8, type: 3}
  m_Name: 
  m_EditorClassIdentifier: 
  m_Material: {fileID: 0}
  m_Color: {r: 1, g: 1, b: 1, a: 1}
  m_RaycastTarget: 1
  m_OnCullStateChanged:
    m_PersistentCalls:
      m_Calls: []
    m_TypeName: UnityEngine.UI.MaskableGraphic+CullStateChangedEvent, UnityEngine.UI,
      Version=1.0.0.0, Culture=neutral, PublicKeyToken=null
  m_Sprite: {fileID: 21300000, guid: ca35db3fd17c745828f6a62a510d6347, type: 3}
  m_Type: 0
  m_PreserveAspect: 0
  m_FillCenter: 1
  m_FillMethod: 4
  m_FillAmount: 1
  m_FillClockwise: 1
  m_FillOrigin: 0
--- !u!222 &1679899660
CanvasRenderer:
  m_ObjectHideFlags: 0
  m_PrefabParentObject: {fileID: 22211474, guid: 36db7e0811dac4653a47884af938561d,
    type: 2}
  m_PrefabInternal: {fileID: 0}
  m_GameObject: {fileID: 1679899657}
--- !u!224 &1698964249 stripped
RectTransform:
  m_PrefabParentObject: {fileID: 22407806, guid: 0f115fd9ea55a4682b1e3d4456fa594f,
    type: 2}
  m_PrefabInternal: {fileID: 145855691}
--- !u!1 &1784481448
GameObject:
  m_ObjectHideFlags: 0
  m_PrefabParentObject: {fileID: 191530, guid: 36db7e0811dac4653a47884af938561d, type: 2}
  m_PrefabInternal: {fileID: 0}
  serializedVersion: 4
  m_Component:
  - 224: {fileID: 1784481449}
  - 222: {fileID: 1784481452}
  - 114: {fileID: 1784481451}
  - 114: {fileID: 1784481450}
  - 114: {fileID: 1784481453}
  m_Layer: 5
  m_Name: CountDown
  m_TagString: Untagged
  m_Icon: {fileID: 0}
  m_NavMeshLayer: 0
  m_StaticEditorFlags: 0
  m_IsActive: 1
--- !u!224 &1784481449
RectTransform:
  m_ObjectHideFlags: 0
  m_PrefabParentObject: {fileID: 22480288, guid: 36db7e0811dac4653a47884af938561d,
    type: 2}
  m_PrefabInternal: {fileID: 0}
  m_GameObject: {fileID: 1784481448}
  m_LocalRotation: {x: 0, y: 0, z: 0, w: 1}
  m_LocalPosition: {x: 0, y: 0, z: 0}
  m_LocalScale: {x: 1, y: 1, z: 1}
  m_Children: []
  m_Father: {fileID: 1410464653}
  m_RootOrder: 1
  m_AnchorMin: {x: 1, y: 1}
  m_AnchorMax: {x: 1, y: 1}
  m_AnchoredPosition: {x: -33.099976, y: -25}
  m_SizeDelta: {x: 66, y: 49}
  m_Pivot: {x: 0.5, y: 0.5}
--- !u!114 &1784481450
MonoBehaviour:
  m_ObjectHideFlags: 0
  m_PrefabParentObject: {fileID: 11414822, guid: 36db7e0811dac4653a47884af938561d,
    type: 2}
  m_PrefabInternal: {fileID: 0}
  m_GameObject: {fileID: 1784481448}
  m_Enabled: 1
  m_EditorHideFlags: 0
  m_Script: {fileID: 11500000, guid: 567b8a441e935447d93de97434f1133f, type: 3}
  m_Name: 
  m_EditorClassIdentifier: 
--- !u!114 &1784481451
MonoBehaviour:
  m_ObjectHideFlags: 0
  m_PrefabParentObject: {fileID: 11461970, guid: 36db7e0811dac4653a47884af938561d,
    type: 2}
  m_PrefabInternal: {fileID: 0}
  m_GameObject: {fileID: 1784481448}
  m_Enabled: 1
  m_EditorHideFlags: 0
  m_Script: {fileID: 708705254, guid: f5f67c52d1564df4a8936ccd202a3bd8, type: 3}
  m_Name: 
  m_EditorClassIdentifier: 
  m_Material: {fileID: 0}
  m_Color: {r: 1, g: 0.14705884, b: 0.14705884, a: 1}
  m_RaycastTarget: 1
  m_OnCullStateChanged:
    m_PersistentCalls:
      m_Calls: []
    m_TypeName: UnityEngine.UI.MaskableGraphic+CullStateChangedEvent, UnityEngine.UI,
      Version=1.0.0.0, Culture=neutral, PublicKeyToken=null
  m_FontData:
    m_Font: {fileID: 10102, guid: 0000000000000000e000000000000000, type: 0}
    m_FontSize: 27
    m_FontStyle: 1
    m_BestFit: 0
    m_MinSize: 2
    m_MaxSize: 44
    m_Alignment: 4
    m_AlignByGeometry: 0
    m_RichText: 1
    m_HorizontalOverflow: 1
    m_VerticalOverflow: 1
    m_LineSpacing: 1
  m_Text: 90
--- !u!222 &1784481452
CanvasRenderer:
  m_ObjectHideFlags: 0
  m_PrefabParentObject: {fileID: 22284230, guid: 36db7e0811dac4653a47884af938561d,
    type: 2}
  m_PrefabInternal: {fileID: 0}
  m_GameObject: {fileID: 1784481448}
--- !u!114 &1784481453
MonoBehaviour:
  m_ObjectHideFlags: 0
  m_PrefabParentObject: {fileID: 0}
  m_PrefabInternal: {fileID: 0}
  m_GameObject: {fileID: 1784481448}
  m_Enabled: 1
  m_EditorHideFlags: 0
  m_Script: {fileID: -900027084, guid: f5f67c52d1564df4a8936ccd202a3bd8, type: 3}
  m_Name: 
  m_EditorClassIdentifier: 
  m_EffectColor: {r: 0, g: 0, b: 0, a: 0.5}
  m_EffectDistance: {x: 1, y: -1}
  m_UseGraphicAlpha: 1
--- !u!1 &1803559310
GameObject:
  m_ObjectHideFlags: 0
  m_PrefabParentObject: {fileID: 107632, guid: 36db7e0811dac4653a47884af938561d, type: 2}
  m_PrefabInternal: {fileID: 0}
  serializedVersion: 4
  m_Component:
  - 224: {fileID: 1803559311}
  - 222: {fileID: 1803559314}
  - 114: {fileID: 1803559313}
  - 114: {fileID: 1803559312}
  - 114: {fileID: 1803559315}
  m_Layer: 5
  m_Name: Text
  m_TagString: Untagged
  m_Icon: {fileID: 0}
  m_NavMeshLayer: 0
  m_StaticEditorFlags: 0
  m_IsActive: 1
--- !u!224 &1803559311
RectTransform:
  m_ObjectHideFlags: 0
  m_PrefabParentObject: {fileID: 22476284, guid: 36db7e0811dac4653a47884af938561d,
    type: 2}
  m_PrefabInternal: {fileID: 0}
  m_GameObject: {fileID: 1803559310}
  m_LocalRotation: {x: 0, y: 0, z: 0, w: 1}
  m_LocalPosition: {x: 0, y: 0, z: 0}
  m_LocalScale: {x: 1, y: 1, z: 1}
  m_Children: []
  m_Father: {fileID: 1096822130}
  m_RootOrder: 1
  m_AnchorMin: {x: 0, y: 1}
  m_AnchorMax: {x: 0, y: 1}
  m_AnchoredPosition: {x: 75, y: -29}
  m_SizeDelta: {x: 53, y: 56}
  m_Pivot: {x: 0.5, y: 0.5}
--- !u!114 &1803559312
MonoBehaviour:
  m_ObjectHideFlags: 0
  m_PrefabParentObject: {fileID: 11489192, guid: 36db7e0811dac4653a47884af938561d,
    type: 2}
  m_PrefabInternal: {fileID: 0}
  m_GameObject: {fileID: 1803559310}
  m_Enabled: 1
  m_EditorHideFlags: 0
  m_Script: {fileID: 11500000, guid: 962b3a2b09af54e2c803e7e57c8536df, type: 3}
  m_Name: 
  m_EditorClassIdentifier: 
--- !u!114 &1803559313
MonoBehaviour:
  m_ObjectHideFlags: 0
  m_PrefabParentObject: {fileID: 11423474, guid: 36db7e0811dac4653a47884af938561d,
    type: 2}
  m_PrefabInternal: {fileID: 0}
  m_GameObject: {fileID: 1803559310}
  m_Enabled: 1
  m_EditorHideFlags: 0
  m_Script: {fileID: 708705254, guid: f5f67c52d1564df4a8936ccd202a3bd8, type: 3}
  m_Name: 
  m_EditorClassIdentifier: 
  m_Material: {fileID: 0}
  m_Color: {r: 1, g: 0.93333334, b: 0.17254902, a: 1}
  m_RaycastTarget: 1
  m_OnCullStateChanged:
    m_PersistentCalls:
      m_Calls: []
    m_TypeName: UnityEngine.UI.MaskableGraphic+CullStateChangedEvent, UnityEngine.UI,
      Version=1.0.0.0, Culture=neutral, PublicKeyToken=null
  m_FontData:
    m_Font: {fileID: 10102, guid: 0000000000000000e000000000000000, type: 0}
    m_FontSize: 27
    m_FontStyle: 1
    m_BestFit: 0
    m_MinSize: 2
    m_MaxSize: 40
    m_Alignment: 3
    m_AlignByGeometry: 0
    m_RichText: 1
    m_HorizontalOverflow: 1
    m_VerticalOverflow: 1
    m_LineSpacing: 1
  m_Text: 30
--- !u!222 &1803559314
CanvasRenderer:
  m_ObjectHideFlags: 0
  m_PrefabParentObject: {fileID: 22212162, guid: 36db7e0811dac4653a47884af938561d,
    type: 2}
  m_PrefabInternal: {fileID: 0}
  m_GameObject: {fileID: 1803559310}
--- !u!114 &1803559315
MonoBehaviour:
  m_ObjectHideFlags: 0
  m_PrefabParentObject: {fileID: 0}
  m_PrefabInternal: {fileID: 0}
  m_GameObject: {fileID: 1803559310}
  m_Enabled: 1
  m_EditorHideFlags: 0
  m_Script: {fileID: -900027084, guid: f5f67c52d1564df4a8936ccd202a3bd8, type: 3}
  m_Name: 
  m_EditorClassIdentifier: 
  m_EffectColor: {r: 0, g: 0, b: 0, a: 0.5}
  m_EffectDistance: {x: 1, y: -1}
  m_UseGraphicAlpha: 0
--- !u!1 &1812796010
GameObject:
  m_ObjectHideFlags: 0
  m_PrefabParentObject: {fileID: 0}
  m_PrefabInternal: {fileID: 0}
  serializedVersion: 4
  m_Component:
  - 4: {fileID: 1812796011}
  - 114: {fileID: 1812796012}
  m_Layer: 5
  m_Name: ToggleGroup
  m_TagString: Untagged
  m_Icon: {fileID: 0}
  m_NavMeshLayer: 0
  m_StaticEditorFlags: 0
  m_IsActive: 1
--- !u!4 &1812796011
Transform:
  m_ObjectHideFlags: 0
  m_PrefabParentObject: {fileID: 0}
  m_PrefabInternal: {fileID: 0}
  m_GameObject: {fileID: 1812796010}
  m_LocalRotation: {x: 0, y: 0, z: 0, w: 1}
  m_LocalPosition: {x: 0, y: 0, z: 0}
  m_LocalScale: {x: 1, y: 1, z: 1}
  m_Children: []
  m_Father: {fileID: 1410464653}
  m_RootOrder: 3
--- !u!114 &1812796012
MonoBehaviour:
  m_ObjectHideFlags: 0
  m_PrefabParentObject: {fileID: 0}
  m_PrefabInternal: {fileID: 0}
  m_GameObject: {fileID: 1812796010}
  m_Enabled: 1
  m_EditorHideFlags: 0
  m_Script: {fileID: -1184210157, guid: f5f67c52d1564df4a8936ccd202a3bd8, type: 3}
  m_Name: 
  m_EditorClassIdentifier: 
  m_AllowSwitchOff: 0
--- !u!1001 &1892094840
Prefab:
  m_ObjectHideFlags: 0
  serializedVersion: 2
  m_Modification:
    m_TransformParent: {fileID: 1410464653}
    m_Modifications:
    - target: {fileID: 22464798, guid: 0428edc95e8e5488b8af8c62d5ad14fe, type: 2}
      propertyPath: m_LocalPosition.x
      value: 0
      objectReference: {fileID: 0}
    - target: {fileID: 22464798, guid: 0428edc95e8e5488b8af8c62d5ad14fe, type: 2}
      propertyPath: m_LocalPosition.y
      value: 0
      objectReference: {fileID: 0}
    - target: {fileID: 22464798, guid: 0428edc95e8e5488b8af8c62d5ad14fe, type: 2}
      propertyPath: m_LocalPosition.z
      value: 0
      objectReference: {fileID: 0}
    - target: {fileID: 22464798, guid: 0428edc95e8e5488b8af8c62d5ad14fe, type: 2}
      propertyPath: m_LocalRotation.x
      value: 0
      objectReference: {fileID: 0}
    - target: {fileID: 22464798, guid: 0428edc95e8e5488b8af8c62d5ad14fe, type: 2}
      propertyPath: m_LocalRotation.y
      value: 0
      objectReference: {fileID: 0}
    - target: {fileID: 22464798, guid: 0428edc95e8e5488b8af8c62d5ad14fe, type: 2}
      propertyPath: m_LocalRotation.z
      value: 0
      objectReference: {fileID: 0}
    - target: {fileID: 22464798, guid: 0428edc95e8e5488b8af8c62d5ad14fe, type: 2}
      propertyPath: m_LocalRotation.w
      value: 1
      objectReference: {fileID: 0}
    - target: {fileID: 22464798, guid: 0428edc95e8e5488b8af8c62d5ad14fe, type: 2}
      propertyPath: m_RootOrder
      value: 6
      objectReference: {fileID: 0}
    - target: {fileID: 22464798, guid: 0428edc95e8e5488b8af8c62d5ad14fe, type: 2}
      propertyPath: m_AnchoredPosition.x
      value: -296.99997
      objectReference: {fileID: 0}
    - target: {fileID: 22464798, guid: 0428edc95e8e5488b8af8c62d5ad14fe, type: 2}
      propertyPath: m_AnchoredPosition.y
      value: -197.9
      objectReference: {fileID: 0}
    - target: {fileID: 22464798, guid: 0428edc95e8e5488b8af8c62d5ad14fe, type: 2}
      propertyPath: m_SizeDelta.x
      value: 37.005
      objectReference: {fileID: 0}
    - target: {fileID: 22464798, guid: 0428edc95e8e5488b8af8c62d5ad14fe, type: 2}
      propertyPath: m_SizeDelta.y
      value: 38.8
      objectReference: {fileID: 0}
    - target: {fileID: 22464798, guid: 0428edc95e8e5488b8af8c62d5ad14fe, type: 2}
      propertyPath: m_AnchorMin.x
      value: 0.5
      objectReference: {fileID: 0}
    - target: {fileID: 22464798, guid: 0428edc95e8e5488b8af8c62d5ad14fe, type: 2}
      propertyPath: m_AnchorMin.y
      value: 0.5
      objectReference: {fileID: 0}
    - target: {fileID: 22464798, guid: 0428edc95e8e5488b8af8c62d5ad14fe, type: 2}
      propertyPath: m_AnchorMax.x
      value: 0.5
      objectReference: {fileID: 0}
    - target: {fileID: 22464798, guid: 0428edc95e8e5488b8af8c62d5ad14fe, type: 2}
      propertyPath: m_AnchorMax.y
      value: 0.5
      objectReference: {fileID: 0}
    - target: {fileID: 22464798, guid: 0428edc95e8e5488b8af8c62d5ad14fe, type: 2}
      propertyPath: m_Pivot.x
      value: 0.5
      objectReference: {fileID: 0}
    - target: {fileID: 22464798, guid: 0428edc95e8e5488b8af8c62d5ad14fe, type: 2}
      propertyPath: m_Pivot.y
      value: 0.5
      objectReference: {fileID: 0}
    - target: {fileID: 11466272, guid: 0428edc95e8e5488b8af8c62d5ad14fe, type: 2}
      propertyPath: m_Group
      value: 
      objectReference: {fileID: 1812796012}
    - target: {fileID: 11466272, guid: 0428edc95e8e5488b8af8c62d5ad14fe, type: 2}
      propertyPath: onValueChanged.m_PersistentCalls.m_Calls.Array.data[0].m_Arguments.m_IntArgument
      value: 2
      objectReference: {fileID: 0}
    m_RemovedComponents: []
  m_ParentPrefab: {fileID: 100100000, guid: 0428edc95e8e5488b8af8c62d5ad14fe, type: 2}
  m_IsPrefabParent: 0
--- !u!1 &1903202153
GameObject:
  m_ObjectHideFlags: 0
  m_PrefabParentObject: {fileID: 0}
  m_PrefabInternal: {fileID: 0}
  serializedVersion: 4
  m_Component:
  - 4: {fileID: 1903202155}
  - 114: {fileID: 1903202154}
  m_Layer: 0
  m_Name: test
  m_TagString: Untagged
  m_Icon: {fileID: 0}
  m_NavMeshLayer: 0
  m_StaticEditorFlags: 0
  m_IsActive: 1
--- !u!114 &1903202154
MonoBehaviour:
  m_ObjectHideFlags: 0
  m_PrefabParentObject: {fileID: 0}
  m_PrefabInternal: {fileID: 0}
  m_GameObject: {fileID: 1903202153}
  m_Enabled: 1
  m_EditorHideFlags: 0
  m_Script: {fileID: 11500000, guid: 9d08ba942266d43809888e70b4a316e2, type: 3}
  m_Name: 
  m_EditorClassIdentifier: 
--- !u!4 &1903202155
Transform:
  m_ObjectHideFlags: 0
  m_PrefabParentObject: {fileID: 0}
  m_PrefabInternal: {fileID: 0}
  m_GameObject: {fileID: 1903202153}
  m_LocalRotation: {x: 0, y: 0, z: 0, w: 1}
  m_LocalPosition: {x: 369.69193, y: 213.91704, z: 0}
  m_LocalScale: {x: 1, y: 1, z: 1}
  m_Children: []
  m_Father: {fileID: 0}
  m_RootOrder: 12
--- !u!224 &1956067241 stripped
RectTransform:
  m_PrefabParentObject: {fileID: 22452604, guid: 8949d1e90a22d4dab9d710dfb8191ed7,
    type: 2}
  m_PrefabInternal: {fileID: 1516812323}
--- !u!1 &1986524698
GameObject:
  m_ObjectHideFlags: 0
  m_PrefabParentObject: {fileID: 0}
  m_PrefabInternal: {fileID: 0}
  serializedVersion: 4
  m_Component:
  - 4: {fileID: 1986524702}
  - 33: {fileID: 1986524701}
  - 65: {fileID: 1986524700}
  - 23: {fileID: 1986524699}
  m_Layer: 0
  m_Name: Floor
  m_TagString: Floor
  m_Icon: {fileID: 0}
  m_NavMeshLayer: 0
  m_StaticEditorFlags: 0
  m_IsActive: 1
--- !u!23 &1986524699
MeshRenderer:
  m_ObjectHideFlags: 0
  m_PrefabParentObject: {fileID: 0}
  m_PrefabInternal: {fileID: 0}
  m_GameObject: {fileID: 1986524698}
  m_Enabled: 1
  m_CastShadows: 1
  m_ReceiveShadows: 1
  m_Materials:
  - {fileID: 10303, guid: 0000000000000000f000000000000000, type: 0}
  m_SubsetIndices: 
  m_StaticBatchRoot: {fileID: 0}
  m_UseLightProbes: 1
  m_ReflectionProbeUsage: 1
  m_ProbeAnchor: {fileID: 0}
  m_ScaleInLightmap: 1
  m_PreserveUVs: 1
  m_IgnoreNormalsForChartDetection: 0
  m_ImportantGI: 0
  m_MinimumChartSize: 4
  m_AutoUVMaxDistance: 0.5
  m_AutoUVMaxAngle: 89
  m_LightmapParameters: {fileID: 0}
  m_SortingLayerID: 0
  m_SortingOrder: 0
--- !u!65 &1986524700
BoxCollider:
  m_ObjectHideFlags: 0
  m_PrefabParentObject: {fileID: 0}
  m_PrefabInternal: {fileID: 0}
  m_GameObject: {fileID: 1986524698}
  m_Material: {fileID: 0}
  m_IsTrigger: 1
  m_Enabled: 1
  serializedVersion: 2
  m_Size: {x: 1, y: 1, z: 1}
  m_Center: {x: 0, y: 0, z: 0}
--- !u!33 &1986524701
MeshFilter:
  m_ObjectHideFlags: 0
  m_PrefabParentObject: {fileID: 0}
  m_PrefabInternal: {fileID: 0}
  m_GameObject: {fileID: 1986524698}
  m_Mesh: {fileID: 10202, guid: 0000000000000000e000000000000000, type: 0}
--- !u!4 &1986524702
Transform:
  m_ObjectHideFlags: 0
  m_PrefabParentObject: {fileID: 0}
  m_PrefabInternal: {fileID: 0}
  m_GameObject: {fileID: 1986524698}
  m_LocalRotation: {x: 0, y: 0, z: 0, w: 1}
  m_LocalPosition: {x: 0, y: -0.99, z: 0}
  m_LocalScale: {x: 30, y: 1, z: 45}
  m_Children: []
  m_Father: {fileID: 22524029}
  m_RootOrder: 1
--- !u!224 &1993448844 stripped
RectTransform:
  m_PrefabParentObject: {fileID: 22469886, guid: 172530777951743db859695fc65baa54,
    type: 2}
  m_PrefabInternal: {fileID: 1178533511}
--- !u!224 &2002656701 stripped
RectTransform:
  m_PrefabParentObject: {fileID: 22444940, guid: 033d2943f6a894b8c90d2e05e958c1e4,
    type: 2}
  m_PrefabInternal: {fileID: 1125701678}
